[
    [
      {
        "store": "SuperStore_Beef",
        "title": "Lean Ground Beef",
        "imageUrl": "https://assets.shop.loblaws.ca/products/21125124/b1/en/front/21125124_front_a01_@2.png",
        "price": "$7.49",
        "unitSize": "500 g",
        "unitPrice": "$1.50 / 100g",
        "link": "https://www.realcanadiansuperstore.ca/p/21125124_EA"
      },
      {
        "store": "SuperStore_Beef",
        "title": "Extra Lean Ground Beef",
        "imageUrl": "https://assets.shop.loblaws.ca/products/21125110/b1/en/front/21125110_front_a01_@2.png",
        "price": "$8.49",
        "unitSize": "500 g",
        "unitPrice": "$1.70 / 100g",
        "link": "https://www.realcanadiansuperstore.ca/p/21125110_EA"
      },
      {
        "store": "SuperStore_Beef",
        "title": "Medium Ground Beef",
        "imageUrl": "https://assets.shop.loblaws.ca/products/21125121/b1/en/front/21125121_front_a01_@2.png",
        "price": "$6.49",
        "unitSize": "500 g",
        "unitPrice": "$1.30 / 100g",
        "link": "https://www.realcanadiansuperstore.ca/p/21125121_EA"
      },
      {
        "store": "SuperStore_Beef",
        "title": "Beef Hip Stir Fry Strips",
        "imageUrl": "https://assets.shop.loblaws.ca/products/20813384/b1/en/front/20813384_front_a01_@2.png",
        "price": "$8.82",
        "unitSize": "",
        "unitPrice": "$2.86 / 100g",
        "link": "https://www.realcanadiansuperstore.ca/p/20813384_KG"
      },
      {
        "store": "SuperStore_Beef",
        "title": "Beef Sirloin Tip Roast, Club Pack",
        "imageUrl": "https://assets.shop.loblaws.ca/products/20825890/b1/en/front/20825890_front_a01_@2.png",
        "price": "$20.25",
        "unitSize": "",
        "unitPrice": "$0.98 / 100g",
        "link": "https://www.realcanadiansuperstore.ca/p/20825890_KG"
      },
      {
        "store": "SuperStore_Beef",
        "title": "Beef Stewing Cubes, Boneless",
        "imageUrl": "https://assets.shop.loblaws.ca/products/20797600/b1/en/front/20797600_front_a01_@2.png",
        "price": "$10.29",
        "unitSize": "",
        "unitPrice": "$2.31 / 100g",
        "link": "https://www.realcanadiansuperstore.ca/p/20797600_KG"
      },
      {
        "store": "SuperStore_Beef",
        "title": "Lean Ground Beef Uncooked",
        "imageUrl": "https://assets.shop.loblaws.ca/products/21526928/b1/en/front/21526928_front_a01_@2.png",
        "price": "$10.00",
        "unitSize": "1.1 kg",
        "unitPrice": "$0.91 / 100g",
        "link": "https://www.realcanadiansuperstore.ca/p/21526928_EA"
      },
      {
        "store": "SuperStore_Beef",
        "title": "Stewing Beef, Club Pack",
        "imageUrl": "https://assets.shop.loblaws.ca/products/20797672/b1/en/front/20797672_front_a01_@2.png",
        "price": "$11.68",
        "unitSize": "",
        "unitPrice": "$1.20 / 100g",
        "link": "https://www.realcanadiansuperstore.ca/p/20797672_KG"
      },
      {
        "store": "SuperStore_Beef",
        "title": "Free From Lean Ground Beef",
        "imageUrl": "https://assets.shop.loblaws.ca/products/21218152/b1/en/front/21218152_front_a01_@2.png",
        "price": "$9.00",
        "unitSize": "454 g",
        "unitPrice": "$1.98 / 100g",
        "link": "https://www.realcanadiansuperstore.ca/p/21218152_EA"
      },
      {
        "store": "SuperStore_Beef",
        "title": "Beef Broth",
        "imageUrl": "https://assets.shop.loblaws.ca/products/21189607/b1/en/front/21189607_front_a01_@2.png",
        "price": "$1.00 ($1.69)",
        "unitSize": "900 ml",
        "unitPrice": "$0.11 / 100ml",
        "link": "https://www.realcanadiansuperstore.ca/p/21189607_EA"
      },
      {
        "store": "SuperStore_Beef",
        "title": "Lean Ground Beef",
        "imageUrl": "https://assets.shop.loblaws.ca/products/21210226/b1/en/front/21210226_front_a01_@2.png",
        "price": "$6.99",
        "unitSize": "454 g",
        "unitPrice": "$1.54 / 100g",
        "link": "https://www.realcanadiansuperstore.ca/p/21210226_EA"
      },
      {
        "store": "SuperStore_Beef",
        "title": "Sirloin Beef Meatballs",
        "imageUrl": "https://assets.shop.loblaws.ca/products/20603111/b1/en/front/20603111_front_a01_@2.png",
        "price": "$14.00 ($14.99)",
        "unitSize": "907 g",
        "unitPrice": "$1.54 / 100g",
        "link": "https://www.realcanadiansuperstore.ca/p/20603111_EA"
      },
      {
        "store": "SuperStore_Beef",
        "title": "Medium Ground Beef",
        "imageUrl": "https://assets.shop.loblaws.ca/products/21210231/b1/en/front/21210231_front_a01_@2.png",
        "price": "$5.99",
        "unitSize": "454 g",
        "unitPrice": "$1.32 / 100g",
        "link": "https://www.realcanadiansuperstore.ca/p/21210231_EA"
      },
      {
        "store": "SuperStore_Beef",
        "title": "Beef Blade Roast, Boneless, Club Pack",
        "imageUrl": "https://assets.shop.loblaws.ca/products/20804740/b1/en/front/20804740_front_a01_@2.png",
        "price": "$51.78",
        "unitSize": "",
        "unitPrice": "$2.64 / 100g",
        "link": "https://www.realcanadiansuperstore.ca/p/20804740_KG"
      },
      {
        "store": "SuperStore_Beef",
        "title": "Beef Flank Steak",
        "imageUrl": "https://assets.shop.loblaws.ca/products/20798258/b1/en/front/20798258_front_a01_@2.png",
        "price": "$28.29",
        "unitSize": "",
        "unitPrice": "$4.41 / 100g",
        "link": "https://www.realcanadiansuperstore.ca/p/20798258_KG"
      },
      {
        "store": "SuperStore_Beef",
        "title": "Beef Fondue",
        "imageUrl": "https://assets.shop.loblaws.ca/products/20803994/b1/en/front/20803994_front_a01_@2.png",
        "price": "$7.99",
        "unitSize": "300 g",
        "unitPrice": "$2.66 / 100g",
        "link": "https://www.realcanadiansuperstore.ca/p/20803994_EA"
      },
      {
        "store": "SuperStore_Beef",
        "title": "Sirloin Beef Strips",
        "imageUrl": "https://assets.shop.loblaws.ca/products/20787394/b1/en/front/20787394_front_a01_@2.png",
        "price": "$12.99",
        "unitSize": "300 g",
        "unitPrice": "$4.33 / 100g",
        "link": "https://www.realcanadiansuperstore.ca/p/20787394_EA"
      },
      {
        "store": "SuperStore_Beef",
        "title": "Beef Oxtail",
        "imageUrl": "https://assets.shop.loblaws.ca/products/20079558/b1/en/front/20079558_front_a01_@2.png",
        "price": "$11.87",
        "unitSize": "",
        "unitPrice": "$2.42 / 100g",
        "link": "https://www.realcanadiansuperstore.ca/p/20079558_KG"
      },
      {
        "store": "SuperStore_Beef",
        "title": "Corned Beef",
        "imageUrl": "https://assets.shop.loblaws.ca/products/20050622/b1/en/front/20050622_front_a01_@2.png",
        "price": "$4.99",
        "unitSize": "340 g",
        "unitPrice": "$1.47 / 100g",
        "link": "https://www.realcanadiansuperstore.ca/p/20050622_EA"
      },
      {
        "store": "SuperStore_Beef",
        "title": "Beef Inside Round Oven Roast",
        "imageUrl": "https://assets.shop.loblaws.ca/products/20812494/b1/en/front/20812494_front_a01_@2.png",
        "price": "$36.40",
        "unitSize": "",
        "unitPrice": "$2.86 / 100g",
        "link": "https://www.realcanadiansuperstore.ca/p/20812494_KG"
      },
      {
        "store": "SuperStore_Beef",
        "title": "Angus Beef Meatballs",
        "imageUrl": "https://assets.shop.loblaws.ca/products/20503356/b1/en/front/20503356_front_a01_@2.png",
        "price": "$14.00 ($14.99)",
        "unitSize": "907 g",
        "unitPrice": "$1.54 / 100g",
        "link": "https://www.realcanadiansuperstore.ca/p/20503356_EA"
      },
      {
        "store": "SuperStore_Beef",
        "title": "Juicy Jumbos All Beef Hot Dogs",
        "imageUrl": "https://assets.shop.loblaws.ca/products/20770591/b1/en/front/20770591_front_a01_@2.png",
        "price": "$10.49",
        "unitSize": "375 g",
        "unitPrice": "$2.80 / 100g",
        "link": "https://www.realcanadiansuperstore.ca/p/20770591_EA"
      },
      {
        "store": "SuperStore_Beef",
        "title": "Certified Angus Beef, Stewing Beef, Service Case",
        "imageUrl": "https://assets.shop.loblaws.ca/products/20802466/b1/en/front/20802466_front_a01_@2.png",
        "price": "$13.15",
        "unitSize": "",
        "unitPrice": "$2.53 / 100g",
        "link": "https://www.realcanadiansuperstore.ca/p/20802466_KG"
      },
      {
        "store": "SuperStore_Beef",
        "title": "Roast Beef",
        "imageUrl": "https://assets.shop.loblaws.ca/products/20867687/b1/en/front/20867687_front_a01_@2.png",
        "price": "$6.00",
        "unitSize": "250 g",
        "unitPrice": "$2.40 / 100g",
        "link": "https://www.realcanadiansuperstore.ca/p/20867687_EA"
      },
      {
        "store": "SuperStore_Beef",
        "title": "Beef Kidney",
        "imageUrl": "https://assets.shop.loblaws.ca/products/20161370/b1/en/front/20161370_front_a01_@2.png",
        "price": "$4.87",
        "unitSize": "",
        "unitPrice": "$0.88 / 100g",
        "link": "https://www.realcanadiansuperstore.ca/p/20161370_KG"
      },
      {
        "store": "SuperStore_Beef",
        "title": "Corned Beef",
        "imageUrl": "https://assets.shop.loblaws.ca/products/21020585/b1/en/front/21020585_front_a01_@2.png",
        "price": "$3.40",
        "unitSize": "",
        "unitPrice": "$3.40 / 100g",
        "link": "https://www.realcanadiansuperstore.ca/p/21020585_KG"
      },
      {
        "store": "SuperStore_Beef",
        "title": "Corned Beef Brisket",
        "imageUrl": "https://assets.shop.loblaws.ca/products/20722618/b1/en/front/20722618_front_a01_@2.png",
        "price": "$20.82",
        "unitSize": "",
        "unitPrice": "$2.31 / 100g",
        "link": "https://www.realcanadiansuperstore.ca/p/20722618_KG"
      },
      {
        "store": "SuperStore_Beef",
        "title": "Certified Angus Beef, Tenderloin Grilling Steak",
        "imageUrl": "https://assets.shop.loblaws.ca/products/20802561/b1/en/front/20802561_front_a01_@2.png",
        "price": "$40.92",
        "unitSize": "",
        "unitPrice": "$11.24 / 100g",
        "link": "https://www.realcanadiansuperstore.ca/p/20802561_KG"
      },
      {
        "store": "SuperStore_Beef",
        "title": "Certified Angus Beef, T-Bone Steak",
        "imageUrl": "https://assets.shop.loblaws.ca/products/20802508/b1/en/front/20802508_front_a01_@2.png",
        "price": "$24.46",
        "unitSize": "",
        "unitPrice": "$5.51 / 100g",
        "link": "https://www.realcanadiansuperstore.ca/p/20802508_KG"
      },
      {
        "store": "SuperStore_Beef",
        "title": "Beef Cap-off Rib Steak",
        "imageUrl": "https://assets.shop.loblaws.ca/products/20812082/b1/en/front/20812082_front_a01_@2.png",
        "price": "$21.91",
        "unitSize": "",
        "unitPrice": "$4.96 / 100g",
        "link": "https://www.realcanadiansuperstore.ca/p/20812082_KG"
      },
      {
        "store": "SuperStore_Beef",
        "title": "Beef Rib Grilling Steak, Boneless",
        "imageUrl": "https://assets.shop.loblaws.ca/products/20798409/b1/en/front/20798409_front_a01_@2.png",
        "price": "$19.40",
        "unitSize": "",
        "unitPrice": "$5.95 / 100g",
        "link": "https://www.realcanadiansuperstore.ca/p/20798409_KG"
      },
      {
        "store": "SuperStore_Beef",
        "title": "Certified Angus Beef, Marinated Sirloin Tip Steak",
        "imageUrl": "https://assets.shop.loblaws.ca/products/20804589/b1/en/front/20804589_front_a01_@2.png",
        "price": "$12.02",
        "unitSize": "",
        "unitPrice": "$3.42 / 100g",
        "link": "https://www.realcanadiansuperstore.ca/p/20804589_KG"
      },
      {
        "store": "SuperStore_Beef",
        "title": "Certified Angus Beef, Prime Rib Oven Roast",
        "imageUrl": "https://assets.shop.loblaws.ca/products/20837530/b1/en/front/20837530_front_a01_@2.png",
        "price": "$70.64",
        "unitSize": "",
        "unitPrice": "$5.73 / 100g",
        "link": "https://www.realcanadiansuperstore.ca/p/20837530_KG"
      },
      {
        "store": "SuperStore_Beef",
        "title": "Beef Honeycomb Tripe",
        "imageUrl": "https://assets.shop.loblaws.ca/products/20164839/b1/en/front/20164839_front_a01_@2.png",
        "price": "$15.82",
        "unitSize": "",
        "unitPrice": "$1.76 / 100g",
        "link": "https://www.realcanadiansuperstore.ca/p/20164839_KG"
      },
      {
        "store": "SuperStore_Beef",
        "title": "Beef Inside Round Marinating Steak, Club Pack",
        "imageUrl": "https://assets.shop.loblaws.ca/products/20812701/b1/en/front/20812701_front_a01_@2.png",
        "price": "$19.25",
        "unitSize": "",
        "unitPrice": "$2.86 / 100g",
        "link": "https://www.realcanadiansuperstore.ca/p/20812701_KG"
      },
      {
        "store": "SuperStore_Beef",
        "title": "Beef Chuck Short Ribs, Club Pack",
        "imageUrl": "https://assets.shop.loblaws.ca/products/20883373/b1/en/front/20883373_front_a01_@2.png",
        "price": "$32.16",
        "unitSize": "",
        "unitPrice": "$4.63 / 100g",
        "link": "https://www.realcanadiansuperstore.ca/p/20883373_KG"
      },
      {
        "store": "SuperStore_Beef",
        "title": "Certified Angus Beef, Premium Strip Loin Oven Roast",
        "imageUrl": "https://assets.shop.loblaws.ca/products/20802562/b1/en/front/20802562_front_a01_@2.png",
        "price": "$42.79",
        "unitSize": "",
        "unitPrice": "$4.41 / 100g",
        "link": "https://www.realcanadiansuperstore.ca/p/20802562_KG"
      },
      {
        "store": "SuperStore_Beef",
        "title": "Beef Shank",
        "imageUrl": "https://assets.shop.loblaws.ca/products/20076826/b1/en/front/20076826_front_a01_@2.png",
        "price": "$7.66",
        "unitSize": "",
        "unitPrice": "$0.73 / 100g",
        "link": "https://www.realcanadiansuperstore.ca/p/20076826_KG"
      },
      {
        "store": "SuperStore_Beef",
        "title": "Certified Angus Beef Premium Tenderloin Oven Roast, Service Case",
        "imageUrl": "https://assets.shop.loblaws.ca/products/20801987/b1/en/front/20801987_front_a01_@2.png",
        "price": "$90.92",
        "unitSize": "",
        "unitPrice": "$11.02 / 100g",
        "link": "https://www.realcanadiansuperstore.ca/p/20801987_KG"
      },
      {
        "store": "SuperStore_Beef",
        "title": "Certified Angus Beef Top Sirloin Boneless Steak, Service Case",
        "imageUrl": "https://assets.shop.loblaws.ca/products/20802563/b1/en/front/20802563_front_a01_@2.png",
        "price": "$18.73",
        "unitSize": "",
        "unitPrice": "$3.75 / 100g",
        "link": "https://www.realcanadiansuperstore.ca/p/20802563_KG"
      },
      {
        "store": "SuperStore_Beef",
        "title": "Beef Oxtail",
        "imageUrl": "https://assets.shop.loblaws.ca/products/20075941/b1/en/front/20075941_front_a01_@2.png",
        "price": "$12.90",
        "unitSize": "",
        "unitPrice": "$2.20 / 100g",
        "link": "https://www.realcanadiansuperstore.ca/p/20075941_KG"
      },
      {
        "store": "SuperStore_Beef",
        "title": "Lean Ground Beef, Club Pack",
        "imageUrl": "https://assets.shop.loblaws.ca/products/20357434/b1/en/front/20357434_front_a01_@2.png",
        "price": "$28.23",
        "unitSize": "",
        "unitPrice": "$1.32 / 100g",
        "link": "https://www.realcanadiansuperstore.ca/p/20357434_KG"
      },
      {
        "store": "SuperStore_Beef",
        "title": "Beef Burgers",
        "imageUrl": "https://assets.shop.loblaws.ca/products/20874333/b1/en/front/20874333_front_a01_@2.png",
        "price": "$15.99",
        "unitSize": "1.13 kg",
        "unitPrice": "$1.42 / 100g",
        "link": "https://www.realcanadiansuperstore.ca/p/20874333_EA"
      },
      {
        "store": "SuperStore_Beef",
        "title": "Corned Beef",
        "imageUrl": "https://assets.shop.loblaws.ca/products/20867918/b1/en/front/20867918_front_a01_@2.png",
        "price": "$6.00",
        "unitSize": "250 g",
        "unitPrice": "$2.40 / 100g",
        "link": "https://www.realcanadiansuperstore.ca/p/20867918_EA"
      },
      {
        "store": "SuperStore_Beef",
        "title": "Beef Hot Pot Sliced Beef Rib Eye",
        "imageUrl": "https://assets.shop.loblaws.ca/products/21305754/b1/en/front/21305754_front_a01_@2.png",
        "price": "$10.99",
        "unitSize": "250 g",
        "unitPrice": "$4.40 / 100g",
        "link": "https://www.realcanadiansuperstore.ca/p/21305754_EA"
      },
      {
        "store": "SuperStore_Beef",
        "title": "Slow Cooked Angus Roast Beef (Thin Sliced)",
        "imageUrl": "https://assets.shop.loblaws.ca/products/20155374/b1/en/front/20155374_front_a01_@2.png",
        "price": "$4.60",
        "unitSize": "",
        "unitPrice": "$4.60 / 100g",
        "link": "https://www.realcanadiansuperstore.ca/p/20155374_KG"
      },
      {
        "store": "SuperStore_Beef",
        "title": "Roast Beef",
        "imageUrl": "https://assets.shop.loblaws.ca/products/21020479/b1/en/front/21020479_front_a01_@2.png",
        "price": "$3.40",
        "unitSize": "",
        "unitPrice": "$3.40 / 100g",
        "link": "https://www.realcanadiansuperstore.ca/p/21020479_KG"
      },
      {
        "store": "SuperStore_Beef",
        "title": "Beef Striploin Steak",
        "imageUrl": "https://assets.shop.loblaws.ca/products/20798456/b1/en/front/20798456_front_a01_@2.png",
        "price": "$16.90",
        "unitSize": "",
        "unitPrice": "$3.97 / 100g",
        "link": "https://www.realcanadiansuperstore.ca/p/20798456_KG"
      }
    ],
    [
      {
        "store": "SuperStore_Chicken",
        "title": "Chicken Breast, Boneless Skinless, 3 Pack",
        "imageUrl": "https://assets.shop.loblaws.ca/products/21340952/b1/en/front/21340952_front_a01_@2.png",
        "price": "$12.00",
        "unitSize": "1 ea",
        "unitPrice": "$12.00 / each",
        "link": "https://www.realcanadiansuperstore.ca/p/21340952_EA"
      },
      {
        "store": "SuperStore_Chicken",
        "title": "Chicken Thighs  boneless Skinless 8 Pack",
        "imageUrl": "https://assets.shop.loblaws.ca/products/21341017/b1/en/front/21341017_front_a01_@2.png",
        "price": "$12.00",
        "unitSize": "1 ea",
        "unitPrice": "$12.00 / each",
        "link": "https://www.realcanadiansuperstore.ca/p/21341017_EA"
      },
      {
        "store": "SuperStore_Chicken",
        "title": "Air Chilled Chicken Breast Fillets, Boneless, Skinless",
        "imageUrl": "https://assets.shop.loblaws.ca/products/21341048/b1/en/front/21341048_front_a01_@2.png",
        "price": "$10.00",
        "unitSize": "1 ea",
        "unitPrice": "$10.00 / each",
        "link": "https://www.realcanadiansuperstore.ca/p/21341048_EA"
      },
      {
        "store": "SuperStore_Chicken",
        "title": "BBQ Chicken (After 11am)",
        "imageUrl": "https://assets.shop.loblaws.ca/products/20252014/b1/en/front/20252014_front_a01_@2.png",
        "price": "$9.99",
        "unitSize": "900 g",
        "unitPrice": "$1.11 / 100g",
        "link": "https://www.realcanadiansuperstore.ca/p/20252014_EA"
      },
      {
        "store": "SuperStore_Chicken",
        "title": "Free From Chicken Breast, Boneless, Skinless",
        "imageUrl": "https://assets.shop.loblaws.ca/products/20069078/b1/en/front/20069078_front_a01_@2.png",
        "price": "$13.17",
        "unitSize": "",
        "unitPrice": "$2.53 / 100g",
        "link": "https://www.realcanadiansuperstore.ca/p/20069078_KG"
      },
      {
        "store": "SuperStore_Chicken",
        "title": "Air Chilled Chicken Drumsticks, 8-Pack",
        "imageUrl": "https://assets.shop.loblaws.ca/products/21341042/b1/en/front/21341042_front_a01_@2.png",
        "price": "$10.00",
        "unitSize": "1 ea",
        "unitPrice": "$10.00 / each",
        "link": "https://www.realcanadiansuperstore.ca/p/21341042_EA"
      },
      {
        "store": "SuperStore_Chicken",
        "title": "Air Chilled Chicken, Whole",
        "imageUrl": "https://assets.shop.loblaws.ca/products/20089413/b1/en/front/20089413_front_a01_@2.png",
        "price": "$14.14",
        "unitSize": "",
        "unitPrice": "$0.90 / 100g",
        "link": "https://www.realcanadiansuperstore.ca/p/20089413_KG"
      },
      {
        "store": "SuperStore_Chicken",
        "title": "Boneless Skinless Chicken Breasts",
        "imageUrl": "https://assets.shop.loblaws.ca/products/21430671/b1/en/front/21430671_front_a01_@2.png",
        "price": "$26.00",
        "unitSize": "1.505 kg",
        "unitPrice": "$1.73 / 100g",
        "link": "https://www.realcanadiansuperstore.ca/p/21430671_EA"
      },
      {
        "store": "SuperStore_Chicken",
        "title": "Chicken Breast, Club Pack Boneless Skinless",
        "imageUrl": "https://assets.shop.loblaws.ca/products/20593099/b1/en/front/20593099_front_a01_@2.png",
        "price": "$18.84",
        "unitSize": "",
        "unitPrice": "$1.76 / 100g",
        "link": "https://www.realcanadiansuperstore.ca/p/20593099_KG"
      },
      {
        "store": "SuperStore_Chicken",
        "title": "Chicken Leg (Back Attached) , Club Pack",
        "imageUrl": "https://assets.shop.loblaws.ca/products/20153925/b1/en/front/20153925_front_a01_@2.png",
        "price": "$13.09",
        "unitSize": "",
        "unitPrice": "$1.10 / 100g",
        "link": "https://www.realcanadiansuperstore.ca/p/20153925_KG"
      },
      {
        "store": "SuperStore_Chicken",
        "title": "Skin-on Chicken Legs",
        "imageUrl": "https://assets.shop.loblaws.ca/products/21430676/b1/en/front/21430676_front_a01_@2.png",
        "price": "$10.00",
        "unitSize": "1.28 kg",
        "unitPrice": "$0.78 / 100g",
        "link": "https://www.realcanadiansuperstore.ca/p/21430676_EA"
      },
      {
        "store": "SuperStore_Chicken",
        "title": "Ground Chicken",
        "imageUrl": "https://assets.shop.loblaws.ca/products/21100091/b1/en/front/21100091_front_a01_@2.png",
        "price": "$8.00",
        "unitSize": "454 g",
        "unitPrice": "$1.76 / 100g",
        "link": "https://www.realcanadiansuperstore.ca/p/21100091_EA"
      },
      {
        "store": "SuperStore_Chicken",
        "title": "Natural Shredded Chicken",
        "imageUrl": "https://assets.shop.loblaws.ca/products/21330600/b1/en/front/21330600_front_a01_@2.png",
        "price": "$9.99",
        "unitSize": "250 g",
        "unitPrice": "$4.00 / 100g",
        "link": "https://www.realcanadiansuperstore.ca/p/21330600_EA"
      },
      {
        "store": "SuperStore_Chicken",
        "title": "Pub Style Chicken Strips, Fully Cooked",
        "imageUrl": "https://assets.shop.loblaws.ca/products/21191828/b1/en/front/21191828_front_a01_@2.png",
        "price": "$9.99 ($12.49)",
        "unitSize": "700 g",
        "unitPrice": "$1.43 / 100g",
        "link": "https://www.realcanadiansuperstore.ca/p/21191828_EA"
      },
      {
        "store": "SuperStore_Chicken",
        "title": "Popcorn Chicken Bites",
        "imageUrl": "https://assets.shop.loblaws.ca/products/21531746/b1/en/front/21531746_front_a01_@2.png",
        "price": "$5.00",
        "unitSize": "650 g",
        "unitPrice": "$0.77 / 100g",
        "link": "https://www.realcanadiansuperstore.ca/p/21531746_EA"
      },
      {
        "store": "SuperStore_Chicken",
        "title": "Chicken Breast Strips",
        "imageUrl": "https://assets.shop.loblaws.ca/products/20786418/b1/en/front/20786418_front_a01_@2.png",
        "price": "$12.99",
        "unitSize": "375 g",
        "unitPrice": "$3.46 / 100g",
        "link": "https://www.realcanadiansuperstore.ca/p/20786418_EA"
      },
      {
        "store": "SuperStore_Chicken",
        "title": "Chicken Strips",
        "imageUrl": "https://assets.shop.loblaws.ca/products/21447587/b1/en/front/21447587_front_a01_@2.png",
        "price": "$10.00",
        "unitSize": "1.5 kg",
        "unitPrice": "$0.67 / 100g",
        "link": "https://www.realcanadiansuperstore.ca/p/21447587_EA"
      },
      {
        "store": "SuperStore_Chicken",
        "title": "Chicken Broth",
        "imageUrl": "https://assets.shop.loblaws.ca/products/21189611/b1/en/front/21189611_front_a01_@2.png",
        "price": "$1.00 ($1.69)",
        "unitSize": "900 ml",
        "unitPrice": "$0.11 / 100ml",
        "link": "https://www.realcanadiansuperstore.ca/p/21189611_EA"
      },
      {
        "store": "SuperStore_Chicken",
        "title": "Chicken Breast Strips",
        "imageUrl": "https://assets.shop.loblaws.ca/products/20960140/b1/en/front/20960140_front_a01_@2.png",
        "price": "$6.00",
        "unitSize": "200 g",
        "unitPrice": "$3.00 / 100g",
        "link": "https://www.realcanadiansuperstore.ca/p/20960140_EA"
      },
      {
        "store": "SuperStore_Chicken",
        "title": "Split Chicken Wings, Club Pack",
        "imageUrl": "https://assets.shop.loblaws.ca/products/20761916/b1/en/front/20761916_front_a01_@2.png",
        "price": "$14.33",
        "unitSize": "",
        "unitPrice": "$1.54 / 100g",
        "link": "https://www.realcanadiansuperstore.ca/p/20761916_KG"
      },
      {
        "store": "SuperStore_Chicken",
        "title": "Southern-Style Popcorn Chicken",
        "imageUrl": "https://assets.shop.loblaws.ca/products/21450297/b1/en/front/21450297_front_a01_@2.png",
        "price": "$10.00",
        "unitSize": "1.13 kg",
        "unitPrice": "$0.88 / 100g",
        "link": "https://www.realcanadiansuperstore.ca/p/21450297_EA"
      },
      {
        "store": "SuperStore_Chicken",
        "title": "Chicken Breast Fillet, Club Pack",
        "imageUrl": "https://assets.shop.loblaws.ca/products/20695348/b1/en/front/20695348_front_a01_@2.png",
        "price": "$10.92",
        "unitSize": "",
        "unitPrice": "$1.76 / 100g",
        "link": "https://www.realcanadiansuperstore.ca/p/20695348_KG"
      },
      {
        "store": "SuperStore_Chicken",
        "title": "Chicken Nuggets",
        "imageUrl": "https://assets.shop.loblaws.ca/products/21447595/b1/en/front/21447595_front_a01_@2.png",
        "price": "$10.00",
        "unitSize": "1.5 kg",
        "unitPrice": "$0.67 / 100g",
        "link": "https://www.realcanadiansuperstore.ca/p/21447595_EA"
      },
      {
        "store": "SuperStore_Chicken",
        "title": "Chicken Breast Fillets, Boneless",
        "imageUrl": "https://assets.shop.loblaws.ca/products/20166993/b1/en/front/20166993_front_a01_@2.png",
        "price": "$8.72",
        "unitSize": "",
        "unitPrice": "$1.98 / 100g",
        "link": "https://www.realcanadiansuperstore.ca/p/20166993_KG"
      },
      {
        "store": "SuperStore_Chicken",
        "title": "Chicken Souvlaki, Value Pack",
        "imageUrl": "https://assets.shop.loblaws.ca/products/21041735/b1/en/front/21041735_front_a01_@2.png",
        "price": "$14.99",
        "unitSize": "480 g",
        "unitPrice": "$3.12 / 100g",
        "link": "https://www.realcanadiansuperstore.ca/p/21041735_EA"
      },
      {
        "store": "SuperStore_Chicken",
        "title": "Chicken, Bacon and Caramelized Onion Flatbread",
        "imageUrl": "https://assets.shop.loblaws.ca/products/21013452/b1/en/front/21013452_front_a01_@2.png",
        "price": "$4.99",
        "unitSize": "340 g",
        "unitPrice": "$1.47 / 100g",
        "link": "https://www.realcanadiansuperstore.ca/p/21013452_EA"
      },
      {
        "store": "SuperStore_Chicken",
        "title": "Original Chicken Strips",
        "imageUrl": "https://assets.shop.loblaws.ca/products/21299922/b1/en/front/21299922_front_a01_@2.png",
        "price": "$15.99",
        "unitSize": "500 g",
        "unitPrice": "$3.20 / 100g",
        "link": "https://www.realcanadiansuperstore.ca/p/21299922_EA"
      },
      {
        "store": "SuperStore_Chicken",
        "title": "Superfries¢ç Crinkle Cut Fries",
        "imageUrl": "https://assets.shop.loblaws.ca/products/20799359/b1/en/front/20799359_front_a01_@2.png",
        "price": "$3.29",
        "unitSize": "650 g",
        "unitPrice": "$0.51 / 100g",
        "link": "https://www.realcanadiansuperstore.ca/p/20799359_EA"
      },
      {
        "store": "SuperStore_Chicken",
        "title": "Instant Noodles, Chicken",
        "imageUrl": "https://assets.shop.loblaws.ca/products/20147525001/b1/en/front/20147525001_front_a01_@2.png",
        "price": "$5.49",
        "unitSize": "12x85.0 g",
        "unitPrice": "$0.54 / 100g",
        "link": "https://www.realcanadiansuperstore.ca/p/20147525001_EA"
      },
      {
        "store": "SuperStore_Chicken",
        "title": "Chicken Pad Thai",
        "imageUrl": "https://assets.shop.loblaws.ca/products/20987543/b1/en/front/20987543_front_a01_@2.png",
        "price": "$4.49",
        "unitSize": "365 g",
        "unitPrice": "$1.23 / 100g",
        "link": "https://www.realcanadiansuperstore.ca/p/20987543_EA"
      },
      {
        "store": "SuperStore_Chicken",
        "title": "Chicken Burger, Club Pack",
        "imageUrl": "https://assets.shop.loblaws.ca/products/21178783/b1/en/front/21178783_front_a01_@2.png",
        "price": "$10.99",
        "unitSize": "1810 g",
        "unitPrice": "$0.61 / 100g",
        "link": "https://www.realcanadiansuperstore.ca/p/21178783_EA"
      },
      {
        "store": "SuperStore_Chicken",
        "title": "Gluten Free Chicken Strips",
        "imageUrl": "https://assets.shop.loblaws.ca/products/21079476/b1/en/front/21079476_front_a01_@2.png",
        "price": "$8.99",
        "unitSize": "600 g",
        "unitPrice": "$1.50 / 100g",
        "link": "https://www.realcanadiansuperstore.ca/p/21079476_EA"
      },
      {
        "store": "SuperStore_Chicken",
        "title": "Breaded Chicken Cutlettes Chicken Strips",
        "imageUrl": "https://assets.shop.loblaws.ca/products/21178744/b1/en/front/21178744_front_a01_@2.png",
        "price": "$6.99",
        "unitSize": "908 g",
        "unitPrice": "$0.77 / 100g",
        "link": "https://www.realcanadiansuperstore.ca/p/21178744_EA"
      },
      {
        "store": "SuperStore_Chicken",
        "title": "Chicken Leg",
        "imageUrl": "https://assets.shop.loblaws.ca/products/20110263/b1/en/front/20110263_front_a01_@2.png",
        "price": "$9.39",
        "unitSize": "",
        "unitPrice": "$0.77 / 100g",
        "link": "https://www.realcanadiansuperstore.ca/p/20110263_KG"
      },
      {
        "store": "SuperStore_Chicken",
        "title": "Ground Lean Chicken",
        "imageUrl": "https://assets.shop.loblaws.ca/products/21028398/b1/en/front/21028398_front_a01_@2.png",
        "price": "$3.00",
        "unitSize": "454 g",
        "unitPrice": "$0.66 / 100g",
        "link": "https://www.realcanadiansuperstore.ca/p/21028398_EA"
      },
      {
        "store": "SuperStore_Chicken",
        "title": "Kosher Chicken Legs",
        "imageUrl": "https://assets.shop.loblaws.ca/products/20172566/b1/en/front/20172566_front_a01_@2.png",
        "price": "$6.12",
        "unitSize": "",
        "unitPrice": "$0.88 / 100g",
        "link": "https://www.realcanadiansuperstore.ca/p/20172566_KG"
      },
      {
        "store": "SuperStore_Chicken",
        "title": "Breaded Chicken Wings",
        "imageUrl": "https://assets.shop.loblaws.ca/products/21553131/b1/en/front/21553131_front_a01_@2.png",
        "price": "$15.00",
        "unitSize": "1 kg",
        "unitPrice": "$1.50 / 100g",
        "link": "https://www.realcanadiansuperstore.ca/p/21553131_EA"
      },
      {
        "store": "SuperStore_Chicken",
        "title": "Chicken Wings, Hot",
        "imageUrl": "https://assets.shop.loblaws.ca/products/21364169/b1/en/front/21364169_front_a01_@2.png",
        "price": "$2.00",
        "unitSize": "",
        "unitPrice": "$2.00 / 100g",
        "link": "https://www.realcanadiansuperstore.ca/p/21364169_KG"
      },
      {
        "store": "SuperStore_Chicken",
        "title": "Portuguese Flavoured Flattened Chicken",
        "imageUrl": "https://assets.shop.loblaws.ca/products/21456143/b1/en/front/21456143_front_a01_@2.png",
        "price": "$12.10",
        "unitSize": "",
        "unitPrice": "$1.21 / 100g",
        "link": "https://www.realcanadiansuperstore.ca/p/21456143_KG"
      },
      {
        "store": "SuperStore_Chicken",
        "title": "Chicken Legs & Wings",
        "imageUrl": "https://assets.shop.loblaws.ca/products/20151829/b1/en/front/20151829_front_a01_@2.png",
        "price": "$4.76",
        "unitSize": "",
        "unitPrice": "$1.19 / 100g",
        "link": "https://www.realcanadiansuperstore.ca/p/20151829_KG"
      },
      {
        "store": "SuperStore_Chicken",
        "title": "Breaded Chicken Cutlettes Chicken Nuggets Club Size",
        "imageUrl": "https://assets.shop.loblaws.ca/products/21178766/b1/en/front/21178766_front_a01_@2.png",
        "price": "$10.99",
        "unitSize": "1810 g",
        "unitPrice": "$0.61 / 100g",
        "link": "https://www.realcanadiansuperstore.ca/p/21178766_EA"
      },
      {
        "store": "SuperStore_Chicken",
        "title": "Breaded Chicken Strips",
        "imageUrl": "https://assets.shop.loblaws.ca/products/21108889/b1/en/front/21108889_front_a01_@2.png",
        "price": "$8.99",
        "unitSize": "600 g",
        "unitPrice": "$1.50 / 100g",
        "link": "https://www.realcanadiansuperstore.ca/p/21108889_EA"
      },
      {
        "store": "SuperStore_Chicken",
        "title": "Fresh Whole Chicken, Tray Pack",
        "imageUrl": "https://assets.shop.loblaws.ca/products/20054871/b1/en/front/20054871_front_a01_@2.png",
        "price": "$17.23",
        "unitSize": "",
        "unitPrice": "$0.99 / 100g",
        "link": "https://www.realcanadiansuperstore.ca/p/20054871_KG"
      },
      {
        "store": "SuperStore_Chicken",
        "title": "Honey Garlic Chicken Wings",
        "imageUrl": "https://assets.shop.loblaws.ca/products/21045712/b1/en/front/21045712_front_a01_@2.png",
        "price": "$16.49",
        "unitSize": "700 g",
        "unitPrice": "$2.36 / 100g",
        "link": "https://www.realcanadiansuperstore.ca/p/21045712_EA"
      },
      {
        "store": "SuperStore_Chicken",
        "title": "Crispy Southern Style Chicken",
        "imageUrl": "https://assets.shop.loblaws.ca/products/20015813/b1/en/front/20015813_front_a01_@2.png",
        "price": "$18.99",
        "unitSize": "1 kg",
        "unitPrice": "$1.90 / 100g",
        "link": "https://www.realcanadiansuperstore.ca/p/20015813_EA"
      },
      {
        "store": "SuperStore_Chicken",
        "title": "20 Piece Chicken Wings",
        "imageUrl": "https://assets.shop.loblaws.ca/products/21363811/b1/en/front/21363811_front_a01_@2.png",
        "price": "$16.49",
        "unitSize": "1.1 kg",
        "unitPrice": "$1.50 / 100g",
        "link": "https://www.realcanadiansuperstore.ca/p/21363811_EA"
      },
      {
        "store": "SuperStore_Chicken",
        "title": "Portuguese Chicken",
        "imageUrl": "https://assets.shop.loblaws.ca/products/20597414/b1/en/front/20597414_front_a01_@2.png",
        "price": "$7.49",
        "unitSize": "900 g",
        "unitPrice": "$0.83 / 100g",
        "link": "https://www.realcanadiansuperstore.ca/p/20597414_EA"
      },
      {
        "store": "SuperStore_Chicken",
        "title": "Chicken Nuggets, Club Pack",
        "imageUrl": "https://assets.shop.loblaws.ca/products/21201374/b1/en/front/21201374_front_a01_@2.png",
        "price": "$10.99",
        "unitSize": "1.4 kg",
        "unitPrice": "$0.79 / 100g",
        "link": "https://www.realcanadiansuperstore.ca/p/21201374_EA"
      }
    ],
    [
      {
        "store": "SuperStore_Pork",
        "title": "Free From Lean Ground Pork",
        "imageUrl": "https://assets.shop.loblaws.ca/products/20883220/b1/en/front/20883220_front_a01_@2.png",
        "price": "$6.49",
        "unitSize": "454 g",
        "unitPrice": "$1.43 / 100g",
        "link": "https://www.realcanadiansuperstore.ca/p/20883220_EA"
      },
      {
        "store": "SuperStore_Pork",
        "title": "Lethbridge Pork Tenderloin",
        "imageUrl": "https://assets.shop.loblaws.ca/products/20964429/b1/en/front/20964429_front_a01_@2.png",
        "price": "$8.93",
        "unitSize": "",
        "unitPrice": "$1.65 / 100g",
        "link": "https://www.realcanadiansuperstore.ca/p/20964429_KG"
      },
      {
        "store": "SuperStore_Pork",
        "title": "Barbecue Seasoned Pork Shoulder Blade (World Of Flavours )",
        "imageUrl": "https://assets.shop.loblaws.ca/products/21205736/b1/en/front/21205736_front_a01_@2.png",
        "price": "$13.49 ($13.99)",
        "unitSize": "900 g",
        "unitPrice": "$1.50 / 100g",
        "link": "https://www.realcanadiansuperstore.ca/p/21205736_EA"
      },
      {
        "store": "SuperStore_Pork",
        "title": "Worlds of Flavors Carnitas Pork Shoulder",
        "imageUrl": "https://assets.shop.loblaws.ca/products/21095511/b1/en/front/21095511_front_a01_@2.png",
        "price": "$13.49 ($14.49)",
        "unitSize": "900 g",
        "unitPrice": "$1.50 / 100g",
        "link": "https://www.realcanadiansuperstore.ca/p/21095511_EA"
      },
      {
        "store": "SuperStore_Pork",
        "title": "Pork Loin Half Boneless Frozen",
        "imageUrl": "https://assets.shop.loblaws.ca/products/21491030/b1/en/front/21491030_front_a01_@2.png",
        "price": "$15.80",
        "unitSize": "",
        "unitPrice": "$0.66 / 100g",
        "link": "https://www.realcanadiansuperstore.ca/p/21491030_KG"
      },
      {
        "store": "SuperStore_Pork",
        "title": "Pork Schnitzel Cutlettes",
        "imageUrl": "https://assets.shop.loblaws.ca/products/21481377/b1/en/front/21481377_front_a01_@2.png",
        "price": "$10.00",
        "unitSize": "900 g",
        "unitPrice": "$1.11 / 100g",
        "link": "https://www.realcanadiansuperstore.ca/p/21481377_EA"
      },
      {
        "store": "SuperStore_Pork",
        "title": "World Of Flavours Greek Seasoned Pork Loin Roast",
        "imageUrl": "https://assets.shop.loblaws.ca/products/21095540/b1/en/front/21095540_front_a01_@2.png",
        "price": "$12.99 ($13.49)",
        "unitSize": "730 g",
        "unitPrice": "$1.78 / 100g",
        "link": "https://www.realcanadiansuperstore.ca/p/21095540_EA"
      },
      {
        "store": "SuperStore_Pork",
        "title": "Lethbridge Pork Butt Roast, Boneless",
        "imageUrl": "https://assets.shop.loblaws.ca/products/20887389/b1/en/front/20887389_front_a01_@2.png",
        "price": "$21.49",
        "unitSize": "",
        "unitPrice": "$1.87 / 100g",
        "link": "https://www.realcanadiansuperstore.ca/p/20887389_KG"
      },
      {
        "store": "SuperStore_Pork",
        "title": "Free From Boneless Rib End Pork Roast, Tray Pack",
        "imageUrl": "https://assets.shop.loblaws.ca/products/21095306/b1/en/front/21095306_front_a01_@2.png",
        "price": "$7.58",
        "unitSize": "",
        "unitPrice": "$1.10 / 100g",
        "link": "https://www.realcanadiansuperstore.ca/p/21095306_KG"
      },
      {
        "store": "SuperStore_Pork",
        "title": "Free From Original Breakfast Pork Sausages",
        "imageUrl": "https://assets.shop.loblaws.ca/products/20720612/b1/en/front/20720612_front_a01_@2.png",
        "price": "$5.79",
        "unitSize": "375 g",
        "unitPrice": "$1.54 / 100g",
        "link": "https://www.realcanadiansuperstore.ca/p/20720612_EA"
      },
      {
        "store": "SuperStore_Pork",
        "title": "Free From Boneless Pork Fast Fry Center Chop, Tray Pack",
        "imageUrl": "https://assets.shop.loblaws.ca/products/21095303/b1/en/front/21095303_front_a01_@2.png",
        "price": "$6.54",
        "unitSize": "",
        "unitPrice": "$1.43 / 100g",
        "link": "https://www.realcanadiansuperstore.ca/p/21095303_KG"
      },
      {
        "store": "SuperStore_Pork",
        "title": "Free From Pork Tenderloin",
        "imageUrl": "https://assets.shop.loblaws.ca/products/21095284/b1/en/front/21095284_front_a01_@2.png",
        "price": "$6.50",
        "unitSize": "",
        "unitPrice": "$1.43 / 100g",
        "link": "https://www.realcanadiansuperstore.ca/p/21095284_KG"
      },
      {
        "store": "SuperStore_Pork",
        "title": "Pork Souvlaki, Value Pack",
        "imageUrl": "https://assets.shop.loblaws.ca/products/21098855/b1/en/front/21098855_front_a01_@2.png",
        "price": "$14.99",
        "unitSize": "640 g",
        "unitPrice": "$2.34 / 100g",
        "link": "https://www.realcanadiansuperstore.ca/p/21098855_EA"
      },
      {
        "store": "SuperStore_Pork",
        "title": "Pork and Vegetable Potstickers",
        "imageUrl": "https://assets.shop.loblaws.ca/products/21495823/b1/en/front/21495823_front_a01_@2.png",
        "price": "$5.00",
        "unitSize": "567 g",
        "unitPrice": "$0.88 / 100g",
        "link": "https://www.realcanadiansuperstore.ca/p/21495823_EA"
      },
      {
        "store": "SuperStore_Pork",
        "title": "Free From Boneless Pork Center & Rib Chops, Club Pack",
        "imageUrl": "https://assets.shop.loblaws.ca/products/21095350/b1/en/front/21095350_front_a01_@2.png",
        "price": "$14.17",
        "unitSize": "",
        "unitPrice": "$1.10 / 100g",
        "link": "https://www.realcanadiansuperstore.ca/p/21095350_KG"
      },
      {
        "store": "SuperStore_Pork",
        "title": "Pork Cottage Roll",
        "imageUrl": "https://assets.shop.loblaws.ca/products/20188379/b1/en/front/20188379_front_a01_@2.png",
        "price": "$11.54 ($16.50)",
        "unitSize": "",
        "unitPrice": "$0.77 / 100g",
        "link": "https://www.realcanadiansuperstore.ca/p/20188379_KG"
      },
      {
        "store": "SuperStore_Pork",
        "title": "Frozen Pork Half Loin Bagged",
        "imageUrl": "https://assets.shop.loblaws.ca/products/21219244/b1/en/front/21219244_front_a01_@2.png",
        "price": "$33.00",
        "unitSize": "",
        "unitPrice": "$0.88 / 100g",
        "link": "https://www.realcanadiansuperstore.ca/p/21219244_KG"
      },
      {
        "store": "SuperStore_Pork",
        "title": "BBQ Pork Ribs",
        "imageUrl": "https://assets.shop.loblaws.ca/products/21022221/b1/en/front/21022221_front_a01_@2.png",
        "price": "$14.99",
        "unitSize": "600 g",
        "unitPrice": "$2.50 / 100g",
        "link": "https://www.realcanadiansuperstore.ca/p/21022221_EA"
      },
      {
        "store": "SuperStore_Pork",
        "title": "Fully Cooked and Seasoned Pork Tenderloin",
        "imageUrl": "https://assets.shop.loblaws.ca/products/21530762/b1/en/front/21530762_front_a01_@2.png",
        "price": "$13.99",
        "unitSize": "400 g",
        "unitPrice": "$3.50 / 100g",
        "link": "https://www.realcanadiansuperstore.ca/p/21530762_EA"
      },
      {
        "store": "SuperStore_Pork",
        "title": "Natural Ground Pork Sausage Meat",
        "imageUrl": "https://assets.shop.loblaws.ca/products/20011925/b1/en/front/20011925_front_a01_@2.png",
        "price": "$6.49 ($7.49)",
        "unitSize": "500 g",
        "unitPrice": "$1.30 / 100g",
        "link": "https://www.realcanadiansuperstore.ca/p/20011925_EA"
      },
      {
        "store": "SuperStore_Pork",
        "title": "Pork Back Ribs",
        "imageUrl": "https://assets.shop.loblaws.ca/products/20705983/b1/en/front/20705983_front_a01_@2.png",
        "price": "$24.13",
        "unitSize": "",
        "unitPrice": "$1.10 / 100g",
        "link": "https://www.realcanadiansuperstore.ca/p/20705983_KG"
      },
      {
        "store": "SuperStore_Pork",
        "title": "Chinese Pork Tenderloin",
        "imageUrl": "https://assets.shop.loblaws.ca/products/21547209/b1/en/front/21547209_front_a01_@2.png",
        "price": "$12.99",
        "unitSize": "680 g",
        "unitPrice": "$1.91 / 100g",
        "link": "https://www.realcanadiansuperstore.ca/p/21547209_EA"
      },
      {
        "store": "SuperStore_Pork",
        "title": "Pork Side Rib Portion",
        "imageUrl": "https://assets.shop.loblaws.ca/products/20289619/b1/en/front/20289619_front_a01_@2.png",
        "price": "$23.39",
        "unitSize": "",
        "unitPrice": "$1.21 / 100g",
        "link": "https://www.realcanadiansuperstore.ca/p/20289619_KG"
      },
      {
        "store": "SuperStore_Pork",
        "title": "Honey Garlic Pork Tenderloin",
        "imageUrl": "https://assets.shop.loblaws.ca/products/21547036/b1/en/front/21547036_front_a01_@2.png",
        "price": "$12.99",
        "unitSize": "680 g",
        "unitPrice": "$1.91 / 100g",
        "link": "https://www.realcanadiansuperstore.ca/p/21547036_EA"
      },
      {
        "store": "SuperStore_Pork",
        "title": "Lethbridge Pork Back Ribs",
        "imageUrl": "https://assets.shop.loblaws.ca/products/20964464/b1/en/front/20964464_front_a01_@2.png",
        "price": "$12.05",
        "unitSize": "",
        "unitPrice": "$2.31 / 100g",
        "link": "https://www.realcanadiansuperstore.ca/p/20964464_KG"
      },
      {
        "store": "SuperStore_Pork",
        "title": "Pork Riblets",
        "imageUrl": "https://assets.shop.loblaws.ca/products/20353330/b1/en/front/20353330_front_a01_@2.png",
        "price": "$5.15",
        "unitSize": "",
        "unitPrice": "$0.99 / 100g",
        "link": "https://www.realcanadiansuperstore.ca/p/20353330_KG"
      },
      {
        "store": "SuperStore_Pork",
        "title": "Lean Ground Pork",
        "imageUrl": "https://assets.shop.loblaws.ca/products/20353854/b1/en/front/20353854_front_a01_@2.png",
        "price": "$7.31",
        "unitSize": "",
        "unitPrice": "$1.21 / 100g",
        "link": "https://www.realcanadiansuperstore.ca/p/20353854_KG"
      },
      {
        "store": "SuperStore_Pork",
        "title": "Lethbridge Pork Back Rib, Service Case",
        "imageUrl": "https://assets.shop.loblaws.ca/products/20964462/b1/en/front/20964462_front_a01_@2.png",
        "price": "$13.87",
        "unitSize": "",
        "unitPrice": "$1.98 / 100g",
        "link": "https://www.realcanadiansuperstore.ca/p/20964462_KG"
      },
      {
        "store": "SuperStore_Pork",
        "title": "Lethbridge Pork Tenderloin, Service Case",
        "imageUrl": "https://assets.shop.loblaws.ca/products/20964444/b1/en/front/20964444_front_a01_@2.png",
        "price": "$8.79",
        "unitSize": "",
        "unitPrice": "$1.54 / 100g",
        "link": "https://www.realcanadiansuperstore.ca/p/20964444_KG"
      },
      {
        "store": "SuperStore_Pork",
        "title": "Free From Pork Back Ribs",
        "imageUrl": "https://assets.shop.loblaws.ca/products/21095298/b1/en/front/21095298_front_a01_@2.png",
        "price": "$21.70",
        "unitSize": "",
        "unitPrice": "$1.98 / 100g",
        "link": "https://www.realcanadiansuperstore.ca/p/21095298_KG"
      },
      {
        "store": "SuperStore_Pork",
        "title": "Lethbridge Pork Loin Chop Boneless",
        "imageUrl": "https://assets.shop.loblaws.ca/products/20909677/b1/en/front/20909677_front_a01_@2.png",
        "price": "$8.09",
        "unitSize": "",
        "unitPrice": "$1.65 / 100g",
        "link": "https://www.realcanadiansuperstore.ca/p/20909677_KG"
      },
      {
        "store": "SuperStore_Pork",
        "title": "Pork Belly, Sliced",
        "imageUrl": "https://assets.shop.loblaws.ca/products/20353421/b1/en/front/20353421_front_a01_@2.png",
        "price": "$6.70",
        "unitSize": "",
        "unitPrice": "$1.54 / 100g",
        "link": "https://www.realcanadiansuperstore.ca/p/20353421_KG"
      },
      {
        "store": "SuperStore_Pork",
        "title": "Lethbridge Pork Loin Rib Chop Bone In",
        "imageUrl": "https://assets.shop.loblaws.ca/products/20909831/b1/en/front/20909831_front_a01_@2.png",
        "price": "$10.48",
        "unitSize": "",
        "unitPrice": "$1.87 / 100g",
        "link": "https://www.realcanadiansuperstore.ca/p/20909831_KG"
      },
      {
        "store": "SuperStore_Pork",
        "title": "Lethbridge Pork Loin Rib Rack, Bone In",
        "imageUrl": "https://assets.shop.loblaws.ca/products/20887388/b1/en/front/20887388_front_a01_@2.png",
        "price": "$21.04",
        "unitSize": "",
        "unitPrice": "$1.87 / 100g",
        "link": "https://www.realcanadiansuperstore.ca/p/20887388_KG"
      },
      {
        "store": "SuperStore_Pork",
        "title": "Frozen Pork Back Ribs",
        "imageUrl": "https://assets.shop.loblaws.ca/products/20970909/b1/en/front/20970909_front_a01_@2.png",
        "price": "$25.32",
        "unitSize": "",
        "unitPrice": "$0.99 / 100g",
        "link": "https://www.realcanadiansuperstore.ca/p/20970909_KG"
      },
      {
        "store": "SuperStore_Pork",
        "title": "Pork Back Ribs, 2-pack",
        "imageUrl": "https://assets.shop.loblaws.ca/products/20769496/b1/en/front/20769496_front_a01_@2.png",
        "price": "$35.74",
        "unitSize": "",
        "unitPrice": "$1.54 / 100g",
        "link": "https://www.realcanadiansuperstore.ca/p/20769496_KG"
      },
      {
        "store": "SuperStore_Pork",
        "title": "Free From Pork Back Ribs Club Pack",
        "imageUrl": "https://assets.shop.loblaws.ca/products/21094958/b1/en/front/21094958_front_a01_@2.png",
        "price": "$38.18",
        "unitSize": "",
        "unitPrice": "$1.76 / 100g",
        "link": "https://www.realcanadiansuperstore.ca/p/21094958_KG"
      },
      {
        "store": "SuperStore_Pork",
        "title": "Lethbridge Pork Loin Centre Cut Chop Boneless",
        "imageUrl": "https://assets.shop.loblaws.ca/products/20887382/b1/en/front/20887382_front_a01_@2.png",
        "price": "$7.35",
        "unitSize": "",
        "unitPrice": "$1.65 / 100g",
        "link": "https://www.realcanadiansuperstore.ca/p/20887382_KG"
      },
      {
        "store": "SuperStore_Pork",
        "title": "Lethbridge Pork Loin Rib Rack, Service Case",
        "imageUrl": "https://assets.shop.loblaws.ca/products/20909680/b1/en/front/20909680_front_a01_@2.png",
        "price": "$18.79",
        "unitSize": "",
        "unitPrice": "$1.87 / 100g",
        "link": "https://www.realcanadiansuperstore.ca/p/20909680_KG"
      },
      {
        "store": "SuperStore_Pork",
        "title": "Fully Cooked Pork Back Ribs, Smokin Stampede",
        "imageUrl": "https://assets.shop.loblaws.ca/products/21284542/b1/en/front/21284542_front_a01_@2.png",
        "price": "$12.00",
        "unitSize": "500 g",
        "unitPrice": "$2.40 / 100g",
        "link": "https://www.realcanadiansuperstore.ca/p/21284542_EA"
      },
      {
        "store": "SuperStore_Pork",
        "title": "Free From Boneless Pork Center & Rib Chops",
        "imageUrl": "https://assets.shop.loblaws.ca/products/21095290/b1/en/front/21095290_front_a01_@2.png",
        "price": "$8.55",
        "unitSize": "",
        "unitPrice": "$1.87 / 100g",
        "link": "https://www.realcanadiansuperstore.ca/p/21095290_KG"
      },
      {
        "store": "SuperStore_Pork",
        "title": "Pork Tenderloin Spinach & Feta Cheese",
        "imageUrl": "https://assets.shop.loblaws.ca/products/21551810/b1/en/front/21551810_front_a01_@2.png",
        "price": "$11.49",
        "unitSize": "500 g",
        "unitPrice": "$2.30 / 100g",
        "link": "https://www.realcanadiansuperstore.ca/p/21551810_EA"
      },
      {
        "store": "SuperStore_Pork",
        "title": "Honey Barbecue Pork Back Ribs",
        "imageUrl": "https://assets.shop.loblaws.ca/products/20349767/b1/en/front/20349767_front_a01_@2.png",
        "price": "$14.00",
        "unitSize": "680 g",
        "unitPrice": "$2.06 / 100g",
        "link": "https://www.realcanadiansuperstore.ca/p/20349767_EA"
      },
      {
        "store": "SuperStore_Pork",
        "title": "Ground Pork Lean, Club Pack",
        "imageUrl": "https://assets.shop.loblaws.ca/products/20884558/b1/en/front/20884558_front_a01_@2.png",
        "price": "$16.14",
        "unitSize": "",
        "unitPrice": "$1.10 / 100g",
        "link": "https://www.realcanadiansuperstore.ca/p/20884558_KG"
      },
      {
        "store": "SuperStore_Pork",
        "title": "Pork Tenderloin Herbs & Parmesan Cheese",
        "imageUrl": "https://assets.shop.loblaws.ca/products/21552018/b1/en/front/21552018_front_a01_@2.png",
        "price": "$11.49",
        "unitSize": "500 g",
        "unitPrice": "$2.30 / 100g",
        "link": "https://www.realcanadiansuperstore.ca/p/21552018_EA"
      },
      {
        "store": "SuperStore_Pork",
        "title": "Ground Pork, Lean - Tray Pack",
        "imageUrl": "https://assets.shop.loblaws.ca/products/20353297/b1/en/front/20353297_front_a01_@2.png",
        "price": "$7.66",
        "unitSize": "",
        "unitPrice": "$1.21 / 100g",
        "link": "https://www.realcanadiansuperstore.ca/p/20353297_KG"
      },
      {
        "store": "SuperStore_Pork",
        "title": "Pork Back Ribs, Honey Garlic",
        "imageUrl": "https://assets.shop.loblaws.ca/products/21093780/b1/en/front/21093780_front_a01_@2.png",
        "price": "$14.99",
        "unitSize": "600 g",
        "unitPrice": "$2.50 / 100g",
        "link": "https://www.realcanadiansuperstore.ca/p/21093780_EA"
      },
      {
        "store": "SuperStore_Pork",
        "title": "Free From Pork Side Rib Breast, Club Pack",
        "imageUrl": "https://assets.shop.loblaws.ca/products/21095172/b1/en/front/21095172_front_a01_@2.png",
        "price": "$28.07",
        "unitSize": "",
        "unitPrice": "$1.65 / 100g",
        "link": "https://www.realcanadiansuperstore.ca/p/21095172_KG"
      }
    ],
    [
      {
        "store": "NoFrills_Beef",
        "title": "Lean Ground Beef",
        "imageUrl": "https://assets.shop.loblaws.ca/products/21125124/b1/en/front/21125124_front_a01_@2.png",
        "price": "$7.49",
        "unitSize": "500 g",
        "unitPrice": "$1.50 / 100g",
        "link": "https://www.nofrills.ca/p/21125124_EA"
      },
      {
        "store": "NoFrills_Beef",
        "title": "Extra Lean Ground Beef",
        "imageUrl": "https://assets.shop.loblaws.ca/products/21125110/b1/en/front/21125110_front_a01_@2.png",
        "price": "$8.49",
        "unitSize": "500 g",
        "unitPrice": "$1.70 / 100g",
        "link": "https://www.nofrills.ca/p/21125110_EA"
      },
      {
        "store": "NoFrills_Beef",
        "title": "Medium Ground Beef",
        "imageUrl": "https://assets.shop.loblaws.ca/products/21125121/b1/en/front/21125121_front_a01_@2.png",
        "price": "$6.49",
        "unitSize": "500 g",
        "unitPrice": "$1.30 / 100g",
        "link": "https://www.nofrills.ca/p/21125121_EA"
      },
      {
        "store": "NoFrills_Beef",
        "title": "Lean Ground Beef Uncooked",
        "imageUrl": "https://assets.shop.loblaws.ca/products/21526928/b1/en/front/21526928_front_a01_@2.png",
        "price": "$10.00",
        "unitSize": "1.1 kg",
        "unitPrice": "$0.91 / 100g",
        "link": "https://www.nofrills.ca/p/21526928_EA"
      },
      {
        "store": "NoFrills_Beef",
        "title": "Free From Lean Ground Beef",
        "imageUrl": "https://assets.shop.loblaws.ca/products/21218152/b1/en/front/21218152_front_a01_@2.png",
        "price": "$9.00",
        "unitSize": "454 g",
        "unitPrice": "$1.98 / 100g",
        "link": "https://www.nofrills.ca/p/21218152_EA"
      },
      {
        "store": "NoFrills_Beef",
        "title": "Beef Broth",
        "imageUrl": "https://assets.shop.loblaws.ca/products/21189607/b1/en/front/21189607_front_a01_@2.png",
        "price": "$1.29",
        "unitSize": "900 ml",
        "unitPrice": "$0.14 / 100ml",
        "link": "https://www.nofrills.ca/p/21189607_EA"
      },
      {
        "store": "NoFrills_Beef",
        "title": "Lean Ground Beef",
        "imageUrl": "https://assets.shop.loblaws.ca/products/21210226/b1/en/front/21210226_front_a01_@2.png",
        "price": "$6.99",
        "unitSize": "454 g",
        "unitPrice": "$1.54 / 100g",
        "link": "https://www.nofrills.ca/p/21210226_EA"
      },
      {
        "store": "NoFrills_Beef",
        "title": "Sirloin Beef Meatballs",
        "imageUrl": "https://assets.shop.loblaws.ca/products/20603111/b1/en/front/20603111_front_a01_@2.png",
        "price": "$14.00 ($14.99)",
        "unitSize": "907 g",
        "unitPrice": "$1.54 / 100g",
        "link": "https://www.nofrills.ca/p/20603111_EA"
      },
      {
        "store": "NoFrills_Beef",
        "title": "Stewing Beef, Boneless",
        "imageUrl": "https://assets.shop.loblaws.ca/products/20357645/b1/en/front/20357645_front_a01_@2.png",
        "price": "$12.12",
        "unitSize": "",
        "unitPrice": "$2.42 / 100g",
        "link": "https://www.nofrills.ca/p/20357645_KG"
      },
      {
        "store": "NoFrills_Beef",
        "title": "Medium Ground Beef",
        "imageUrl": "https://assets.shop.loblaws.ca/products/21210231/b1/en/front/21210231_front_a01_@2.png",
        "price": "$5.99",
        "unitSize": "454 g",
        "unitPrice": "$1.32 / 100g",
        "link": "https://www.nofrills.ca/p/21210231_EA"
      },
      {
        "store": "NoFrills_Beef",
        "title": "Beef Stir-fry Strips Inside Round",
        "imageUrl": "https://assets.shop.loblaws.ca/products/21189996/b1/en/front/21189996_front_a01_@2.png",
        "price": "$11.63",
        "unitSize": "",
        "unitPrice": "$2.64 / 100g",
        "link": "https://www.nofrills.ca/p/21189996_KG"
      },
      {
        "store": "NoFrills_Beef",
        "title": "Beef Oxtail",
        "imageUrl": "https://assets.shop.loblaws.ca/products/20079558/b1/en/front/20079558_front_a01_@2.png",
        "price": "$11.87",
        "unitSize": "",
        "unitPrice": "$2.42 / 100g",
        "link": "https://www.nofrills.ca/p/20079558_KG"
      },
      {
        "store": "NoFrills_Beef",
        "title": "Lean Ground Beef, Club Pack",
        "imageUrl": "https://assets.shop.loblaws.ca/products/21559283/b1/en/front/21559283_front_a01_@2.png",
        "price": "$10.00",
        "unitSize": "1.1 kg",
        "unitPrice": "$0.91 / 100g",
        "link": "https://www.nofrills.ca/p/21559283_EA"
      },
      {
        "store": "NoFrills_Beef",
        "title": "Corned Beef",
        "imageUrl": "https://assets.shop.loblaws.ca/products/20050622/b1/en/front/20050622_front_a01_@2.png",
        "price": "$4.99",
        "unitSize": "340 g",
        "unitPrice": "$1.47 / 100g",
        "link": "https://www.nofrills.ca/p/20050622_EA"
      },
      {
        "store": "NoFrills_Beef",
        "title": "Angus Beef Meatballs",
        "imageUrl": "https://assets.shop.loblaws.ca/products/20503356/b1/en/front/20503356_front_a01_@2.png",
        "price": "$14.00 ($14.99)",
        "unitSize": "907 g",
        "unitPrice": "$1.54 / 100g",
        "link": "https://www.nofrills.ca/p/20503356_EA"
      },
      {
        "store": "NoFrills_Beef",
        "title": "Juicy Jumbos All Beef Hot Dogs",
        "imageUrl": "https://assets.shop.loblaws.ca/products/20770591/b1/en/front/20770591_front_a01_@2.png",
        "price": "$9.99",
        "unitSize": "375 g",
        "unitPrice": "$2.66 / 100g",
        "link": "https://www.nofrills.ca/p/20770591_EA"
      },
      {
        "store": "NoFrills_Beef",
        "title": "Roast Beef",
        "imageUrl": "https://assets.shop.loblaws.ca/products/20867687/b1/en/front/20867687_front_a01_@2.png",
        "price": "$6.00",
        "unitSize": "250 g",
        "unitPrice": "$2.40 / 100g",
        "link": "https://www.nofrills.ca/p/20867687_EA"
      },
      {
        "store": "NoFrills_Beef",
        "title": "Beef Kidney",
        "imageUrl": "https://assets.shop.loblaws.ca/products/20161370/b1/en/front/20161370_front_a01_@2.png",
        "price": "$4.87",
        "unitSize": "",
        "unitPrice": "$0.88 / 100g",
        "link": "https://www.nofrills.ca/p/20161370_KG"
      },
      {
        "store": "NoFrills_Beef",
        "title": "Medium Ground Beef",
        "imageUrl": "https://assets.shop.loblaws.ca/products/21125200/b1/en/front/21125200_front_a01_@2.png",
        "price": "$6.49",
        "unitSize": "500 g",
        "unitPrice": "$1.30 / 100g",
        "link": "https://www.nofrills.ca/p/21125200_EA"
      },
      {
        "store": "NoFrills_Beef",
        "title": "Lean Ground Beef",
        "imageUrl": "https://assets.shop.loblaws.ca/products/20580409/b1/en/front/20580409_front_a01_@2.png",
        "price": "$4.00",
        "unitSize": "375 g",
        "unitPrice": "$1.07 / 100g",
        "link": "https://www.nofrills.ca/p/20580409_EA"
      },
      {
        "store": "NoFrills_Beef",
        "title": "Beef Honeycomb Tripe",
        "imageUrl": "https://assets.shop.loblaws.ca/products/20164839/b1/en/front/20164839_front_a01_@2.png",
        "price": "$15.82",
        "unitSize": "",
        "unitPrice": "$1.76 / 100g",
        "link": "https://www.nofrills.ca/p/20164839_KG"
      },
      {
        "store": "NoFrills_Beef",
        "title": "Beef Feet, Frozen",
        "imageUrl": "https://assets.shop.loblaws.ca/products/20149825/b1/en/front/20149825_front_a01_@2.png",
        "price": "$6.07",
        "unitSize": "",
        "unitPrice": "$0.88 / 100g",
        "link": "https://www.nofrills.ca/p/20149825_KG"
      },
      {
        "store": "NoFrills_Beef",
        "title": "Beef Burgers",
        "imageUrl": "https://assets.shop.loblaws.ca/products/20874333/b1/en/front/20874333_front_a01_@2.png",
        "price": "$14.99",
        "unitSize": "1.13 kg",
        "unitPrice": "$1.33 / 100g",
        "link": "https://www.nofrills.ca/p/20874333_EA"
      },
      {
        "store": "NoFrills_Beef",
        "title": "Corned Beef",
        "imageUrl": "https://assets.shop.loblaws.ca/products/20867918/b1/en/front/20867918_front_a01_@2.png",
        "price": "$6.00",
        "unitSize": "250 g",
        "unitPrice": "$2.40 / 100g",
        "link": "https://www.nofrills.ca/p/20867918_EA"
      },
      {
        "store": "NoFrills_Beef",
        "title": "Beef Hot Pot Sliced Beef Rib Eye",
        "imageUrl": "https://assets.shop.loblaws.ca/products/21305754/b1/en/front/21305754_front_a01_@2.png",
        "price": "$10.99",
        "unitSize": "250 g",
        "unitPrice": "$4.40 / 100g",
        "link": "https://www.nofrills.ca/p/21305754_EA"
      },
      {
        "store": "NoFrills_Beef",
        "title": "Beef Liver",
        "imageUrl": "https://assets.shop.loblaws.ca/products/20074419/b1/en/front/20074419_front_a01_@2.png",
        "price": "$6.10",
        "unitSize": "",
        "unitPrice": "$1.32 / 100g",
        "link": "https://www.nofrills.ca/p/20074419_KG"
      },
      {
        "store": "NoFrills_Beef",
        "title": "Navel Beef",
        "imageUrl": "https://assets.shop.loblaws.ca/products/20728375/b1/en/front/20728375_front_a01_@2.png",
        "price": "$24.99",
        "unitSize": "3.18 kg",
        "unitPrice": "$0.79 / 100g",
        "link": "https://www.nofrills.ca/p/20728375_EA"
      },
      {
        "store": "NoFrills_Beef",
        "title": "Beef Shank, Sliced Bone-In",
        "imageUrl": "https://assets.shop.loblaws.ca/products/20357976/b1/en/front/20357976_front_a01_@2.png",
        "price": "$6.38",
        "unitSize": "",
        "unitPrice": "$1.54 / 100g",
        "link": "https://www.nofrills.ca/p/20357976_KG"
      },
      {
        "store": "NoFrills_Beef",
        "title": "Free From Boneless Stewing Beef",
        "imageUrl": "https://assets.shop.loblaws.ca/products/21219169/b1/en/front/21219169_front_a01_@2.png",
        "price": "$12.00",
        "unitSize": "454 g",
        "unitPrice": "$2.64 / 100g",
        "link": "https://www.nofrills.ca/p/21219169_EA"
      },
      {
        "store": "NoFrills_Beef",
        "title": "Free From Sirloin Tip Roast Beef",
        "imageUrl": "https://assets.shop.loblaws.ca/products/21219050/b1/en/front/21219050_front_a01_@2.png",
        "price": "$20.61",
        "unitSize": "",
        "unitPrice": "$2.64 / 100g",
        "link": "https://www.nofrills.ca/p/21219050_KG"
      },
      {
        "store": "NoFrills_Beef",
        "title": "Free From Boneless Blade Roast Beef",
        "imageUrl": "https://assets.shop.loblaws.ca/products/21219283/b1/en/front/21219283_front_a01_@2.png",
        "price": "$20.33",
        "unitSize": "",
        "unitPrice": "$2.86 / 100g",
        "link": "https://www.nofrills.ca/p/21219283_KG"
      },
      {
        "store": "NoFrills_Beef",
        "title": "Beef Knee Bones",
        "imageUrl": "",
        "price": "$6.53",
        "unitSize": "",
        "unitPrice": "$1.21 / 100g",
        "link": "https://www.nofrills.ca/p/20843806_KG"
      },
      {
        "store": "NoFrills_Beef",
        "title": "Lean Ground Halal Beef, Club Pack",
        "imageUrl": "https://assets.shop.loblaws.ca/products/21045334/b1/en/front/21045334_front_a01_@2.png",
        "price": "$16.81",
        "unitSize": "",
        "unitPrice": "$1.43 / 100g",
        "link": "https://www.nofrills.ca/p/21045334_KG"
      },
      {
        "store": "NoFrills_Beef",
        "title": "Stewing Beef, Boneless, Club Pack",
        "imageUrl": "https://assets.shop.loblaws.ca/products/20358171/b1/en/front/20358171_front_a01_@2.png",
        "price": "$22.02",
        "unitSize": "",
        "unitPrice": "$2.20 / 100g",
        "link": "https://www.nofrills.ca/p/20358171_KG"
      },
      {
        "store": "NoFrills_Beef",
        "title": "Beef Skirt Steak",
        "imageUrl": "",
        "price": "$34.65",
        "unitSize": "",
        "unitPrice": "$8.82 / 100g",
        "link": "https://www.nofrills.ca/p/20844135_KG"
      },
      {
        "store": "NoFrills_Beef",
        "title": "Beef Short Ribs",
        "imageUrl": "",
        "price": "$30.25",
        "unitSize": "",
        "unitPrice": "$6.72 / 100g",
        "link": "https://www.nofrills.ca/p/20844132_KG"
      },
      {
        "store": "NoFrills_Beef",
        "title": "Lean Ground Beef",
        "imageUrl": "https://assets.shop.loblaws.ca/products/21125145/b1/en/front/21125145_front_a01_@2.png",
        "price": "$7.49",
        "unitSize": "500 g",
        "unitPrice": "$1.50 / 100g",
        "link": "https://www.nofrills.ca/p/21125145_EA"
      },
      {
        "store": "NoFrills_Beef",
        "title": "Lean Beef",
        "imageUrl": "https://assets.shop.loblaws.ca/products/21397283/b1/en/front/21397283_front_a01_@2.png",
        "price": "$7.00",
        "unitSize": "454 g",
        "unitPrice": "$1.54 / 100g",
        "link": "https://www.nofrills.ca/p/21397283_EA"
      },
      {
        "store": "NoFrills_Beef",
        "title": "Beef Strip Steak, Bone-In",
        "imageUrl": "https://assets.shop.loblaws.ca/products/20964456/b1/en/front/20964456_front_a01_@2.png",
        "price": "$13.70",
        "unitSize": "",
        "unitPrice": "$3.30 / 100g",
        "link": "https://www.nofrills.ca/p/20964456_KG"
      },
      {
        "store": "NoFrills_Beef",
        "title": "Navel Beef, 4LB",
        "imageUrl": "https://assets.shop.loblaws.ca/products/21100933/b1/en/front/21100933_front_a01_@2.png",
        "price": "$22.99",
        "unitSize": "1.814 kg",
        "unitPrice": "$1.27 / 100g",
        "link": "https://www.nofrills.ca/p/21100933_EA"
      },
      {
        "store": "NoFrills_Beef",
        "title": "Certified Angus Beef, Extra Lean Ground Sirloin",
        "imageUrl": "https://assets.shop.loblaws.ca/products/21406595/b1/en/front/21406595_front_a01_@2.png",
        "price": "$10.00",
        "unitSize": "454 g",
        "unitPrice": "$2.20 / 100g",
        "link": "https://www.nofrills.ca/p/21406595_EA"
      },
      {
        "store": "NoFrills_Beef",
        "title": "Wagyu Beef Burgers",
        "imageUrl": "https://assets.shop.loblaws.ca/products/20766235/b1/en/front/20766235_front_a01_@2.png",
        "price": "$11.94",
        "unitSize": "568 g",
        "unitPrice": "$2.10 / 100g",
        "link": "https://www.nofrills.ca/p/20766235_EA"
      },
      {
        "store": "NoFrills_Beef",
        "title": "Beef Burger, Montreal Steak",
        "imageUrl": "",
        "price": "$6.00",
        "unitSize": "340 g",
        "unitPrice": "$1.76 / 100g",
        "link": "https://www.nofrills.ca/p/21100087_EA"
      },
      {
        "store": "NoFrills_Beef",
        "title": "Whole Beef Shank, Frozen",
        "imageUrl": "https://assets.shop.loblaws.ca/products/20858752/b1/en/front/20858752_front_a01_@2.png",
        "price": "$8.10",
        "unitSize": "",
        "unitPrice": "$1.39 / 100g",
        "link": "https://www.nofrills.ca/p/20858752_KG"
      },
      {
        "store": "NoFrills_Beef",
        "title": "Beef Striploin Club Pack",
        "imageUrl": "https://assets.shop.loblaws.ca/products/21100759/b1/en/front/21100759_front_a01_@2.png",
        "price": "$23.78",
        "unitSize": "",
        "unitPrice": "$2.80 / 100g",
        "link": "https://www.nofrills.ca/p/21100759_KG"
      },
      {
        "store": "NoFrills_Beef",
        "title": "Certified Lean Ground Beef",
        "imageUrl": "https://assets.shop.loblaws.ca/products/21210218/b1/en/front/21210218_front_a01_@2.png",
        "price": "$11.99",
        "unitSize": "908 g",
        "unitPrice": "$1.32 / 100g",
        "link": "https://www.nofrills.ca/p/21210218_EA"
      },
      {
        "store": "NoFrills_Beef",
        "title": "Lean Ground Beef & Pork",
        "imageUrl": "https://assets.shop.loblaws.ca/products/20861188/b1/en/front/20861188_front_a01_@2.png",
        "price": "$15.85",
        "unitSize": "",
        "unitPrice": "$1.32 / 100g",
        "link": "https://www.nofrills.ca/p/20861188_KG"
      },
      {
        "store": "NoFrills_Beef",
        "title": "Beef Meatballs",
        "imageUrl": "https://assets.shop.loblaws.ca/products/21538491/b1/en/front/21538491_front_a01_@2.png",
        "price": "$9.99",
        "unitSize": "680 g",
        "unitPrice": "$1.47 / 100g",
        "link": "https://www.nofrills.ca/p/21538491_EA"
      }
    ],
    [
      {
        "store": "NoFrills_Chicken",
        "title": "Chicken Breast, Boneless, Skinless",
        "imageUrl": "https://assets.shop.loblaws.ca/products/21290737/b1/en/front/21290737_front_a01_@2.png",
        "price": "$12.49",
        "unitSize": "1 ea",
        "unitPrice": "$12.49 / each",
        "link": "https://www.nofrills.ca/p/21290737_EA"
      },
      {
        "store": "NoFrills_Chicken",
        "title": "Free From Chicken Breast, Boneless, Skinless",
        "imageUrl": "https://assets.shop.loblaws.ca/products/20069078/b1/en/front/20069078_front_a01_@2.png",
        "price": "$11.45",
        "unitSize": "",
        "unitPrice": "$2.20 / 100g",
        "link": "https://www.nofrills.ca/p/20069078_KG"
      },
      {
        "store": "NoFrills_Chicken",
        "title": "Free From Chicken Breast, Boneless, Skinless, Club Pack",
        "imageUrl": "https://assets.shop.loblaws.ca/products/20821992/b1/en/front/20821992_front_a01_@2.png",
        "price": "$23.34",
        "unitSize": "",
        "unitPrice": "$2.20 / 100g",
        "link": "https://www.nofrills.ca/p/20821992_KG"
      },
      {
        "store": "NoFrills_Chicken",
        "title": "Air Chilled Chicken, Whole",
        "imageUrl": "https://assets.shop.loblaws.ca/products/20089413/b1/en/front/20089413_front_a01_@2.png",
        "price": "$11.71",
        "unitSize": "",
        "unitPrice": "$0.75 / 100g",
        "link": "https://www.nofrills.ca/p/20089413_KG"
      },
      {
        "store": "NoFrills_Chicken",
        "title": "Boneless Skinless Chicken Breasts",
        "imageUrl": "https://assets.shop.loblaws.ca/products/21430671/b1/en/front/21430671_front_a01_@2.png",
        "price": "$26.00",
        "unitSize": "1.505 kg",
        "unitPrice": "$1.73 / 100g",
        "link": "https://www.nofrills.ca/p/21430671_EA"
      },
      {
        "store": "NoFrills_Chicken",
        "title": "Chicken Leg (Back Attached) , Club Pack",
        "imageUrl": "https://assets.shop.loblaws.ca/products/20153925/b1/en/front/20153925_front_a01_@2.png",
        "price": "$10.47",
        "unitSize": "",
        "unitPrice": "$0.88 / 100g",
        "link": "https://www.nofrills.ca/p/20153925_KG"
      },
      {
        "store": "NoFrills_Chicken",
        "title": "Skin-on Chicken Legs",
        "imageUrl": "https://assets.shop.loblaws.ca/products/21430676/b1/en/front/21430676_front_a01_@2.png",
        "price": "$10.00",
        "unitSize": "1.28 kg",
        "unitPrice": "$0.78 / 100g",
        "link": "https://www.nofrills.ca/p/21430676_EA"
      },
      {
        "store": "NoFrills_Chicken",
        "title": "Ground Chicken",
        "imageUrl": "https://assets.shop.loblaws.ca/products/21100091/b1/en/front/21100091_front_a01_@2.png",
        "price": "$8.00",
        "unitSize": "454 g",
        "unitPrice": "$1.76 / 100g",
        "link": "https://www.nofrills.ca/p/21100091_EA"
      },
      {
        "store": "NoFrills_Chicken",
        "title": "Boneless Skinless Chicken Breasts",
        "imageUrl": "https://assets.shop.loblaws.ca/products/20568928/b1/en/front/20568928_front_a01_@2.png",
        "price": "$12.00",
        "unitSize": "1 ea",
        "unitPrice": "$12.00 / each",
        "link": "https://www.nofrills.ca/p/20568928_EA"
      },
      {
        "store": "NoFrills_Chicken",
        "title": "Pub Style Chicken Strips, Fully Cooked",
        "imageUrl": "https://assets.shop.loblaws.ca/products/21191828/b1/en/front/21191828_front_a01_@2.png",
        "price": "$12.99",
        "unitSize": "700 g",
        "unitPrice": "$1.86 / 100g",
        "link": "https://www.nofrills.ca/p/21191828_EA"
      },
      {
        "store": "NoFrills_Chicken",
        "title": "Popcorn Chicken Bites",
        "imageUrl": "https://assets.shop.loblaws.ca/products/21531746/b1/en/front/21531746_front_a01_@2.png",
        "price": "$5.00",
        "unitSize": "650 g",
        "unitPrice": "$0.77 / 100g",
        "link": "https://www.nofrills.ca/p/21531746_EA"
      },
      {
        "store": "NoFrills_Chicken",
        "title": "Chicken Strips",
        "imageUrl": "https://assets.shop.loblaws.ca/products/21447587/b1/en/front/21447587_front_a01_@2.png",
        "price": "$10.00",
        "unitSize": "1.5 kg",
        "unitPrice": "$0.67 / 100g",
        "link": "https://www.nofrills.ca/p/21447587_EA"
      },
      {
        "store": "NoFrills_Chicken",
        "title": "Chicken Broth",
        "imageUrl": "https://assets.shop.loblaws.ca/products/21189611/b1/en/front/21189611_front_a01_@2.png",
        "price": "$1.29",
        "unitSize": "900 ml",
        "unitPrice": "$0.14 / 100ml",
        "link": "https://www.nofrills.ca/p/21189611_EA"
      },
      {
        "store": "NoFrills_Chicken",
        "title": "Chicken Breast Strips",
        "imageUrl": "https://assets.shop.loblaws.ca/products/20960140/b1/en/front/20960140_front_a01_@2.png",
        "price": "$6.99",
        "unitSize": "200 g",
        "unitPrice": "$3.50 / 100g",
        "link": "https://www.nofrills.ca/p/20960140_EA"
      },
      {
        "store": "NoFrills_Chicken",
        "title": "Split Chicken Wings, Club Pack",
        "imageUrl": "https://assets.shop.loblaws.ca/products/20761916/b1/en/front/20761916_front_a01_@2.png",
        "price": "$12.29",
        "unitSize": "",
        "unitPrice": "$1.32 / 100g",
        "link": "https://www.nofrills.ca/p/20761916_KG"
      },
      {
        "store": "NoFrills_Chicken",
        "title": "Southern-Style Popcorn Chicken",
        "imageUrl": "https://assets.shop.loblaws.ca/products/21450297/b1/en/front/21450297_front_a01_@2.png",
        "price": "$10.00",
        "unitSize": "1.13 kg",
        "unitPrice": "$0.88 / 100g",
        "link": "https://www.nofrills.ca/p/21450297_EA"
      },
      {
        "store": "NoFrills_Chicken",
        "title": "Boneless Skinless Chicken Breasts, Raised on Canadian Farms",
        "imageUrl": "https://assets.shop.loblaws.ca/products/21295177/b1/en/front/21295177_front_a01_@2.png",
        "price": "$8.00",
        "unitSize": "1 ea",
        "unitPrice": "$8.00 / each",
        "link": "https://www.nofrills.ca/p/21295177_EA"
      },
      {
        "store": "NoFrills_Chicken",
        "title": "Boneless Skinless Chicken Breasts",
        "imageUrl": "https://assets.shop.loblaws.ca/products/20569087/b1/en/front/20569087_front_a01_@2.png",
        "price": "$13.00",
        "unitSize": "1 ea",
        "unitPrice": "$13.00 / each",
        "link": "https://www.nofrills.ca/p/20569087_EA"
      },
      {
        "store": "NoFrills_Chicken",
        "title": "Chicken Breast Fillet, Club Pack",
        "imageUrl": "https://assets.shop.loblaws.ca/products/20695348/b1/en/front/20695348_front_a01_@2.png",
        "price": "$10.24",
        "unitSize": "",
        "unitPrice": "$1.65 / 100g",
        "link": "https://www.nofrills.ca/p/20695348_KG"
      },
      {
        "store": "NoFrills_Chicken",
        "title": "Chicken Nuggets",
        "imageUrl": "https://assets.shop.loblaws.ca/products/21447595/b1/en/front/21447595_front_a01_@2.png",
        "price": "$10.00",
        "unitSize": "1.5 kg",
        "unitPrice": "$0.67 / 100g",
        "link": "https://www.nofrills.ca/p/21447595_EA"
      },
      {
        "store": "NoFrills_Chicken",
        "title": "Chicken Breast Fillets, Boneless",
        "imageUrl": "https://assets.shop.loblaws.ca/products/20166993/b1/en/front/20166993_front_a01_@2.png",
        "price": "$8.72",
        "unitSize": "",
        "unitPrice": "$1.98 / 100g",
        "link": "https://www.nofrills.ca/p/20166993_KG"
      },
      {
        "store": "NoFrills_Chicken",
        "title": "Chicken Souvlaki, Value Pack",
        "imageUrl": "https://assets.shop.loblaws.ca/products/21041735/b1/en/front/21041735_front_a01_@2.png",
        "price": "$14.99",
        "unitSize": "480 g",
        "unitPrice": "$3.12 / 100g",
        "link": "https://www.nofrills.ca/p/21041735_EA"
      },
      {
        "store": "NoFrills_Chicken",
        "title": "Chicken, Bacon and Caramelized Onion Flatbread",
        "imageUrl": "https://assets.shop.loblaws.ca/products/21013452/b1/en/front/21013452_front_a01_@2.png",
        "price": "$4.99",
        "unitSize": "340 g",
        "unitPrice": "$1.47 / 100g",
        "link": "https://www.nofrills.ca/p/21013452_EA"
      },
      {
        "store": "NoFrills_Chicken",
        "title": "Original Chicken Strips",
        "imageUrl": "https://assets.shop.loblaws.ca/products/21299922/b1/en/front/21299922_front_a01_@2.png",
        "price": "$14.49",
        "unitSize": "500 g",
        "unitPrice": "$2.90 / 100g",
        "link": "https://www.nofrills.ca/p/21299922_EA"
      },
      {
        "store": "NoFrills_Chicken",
        "title": "Superfries¢ç Crinkle Cut Fries",
        "imageUrl": "https://assets.shop.loblaws.ca/products/20799359/b1/en/front/20799359_front_a01_@2.png",
        "price": "$5.29",
        "unitSize": "650 g",
        "unitPrice": "$0.81 / 100g",
        "link": "https://www.nofrills.ca/p/20799359_EA"
      },
      {
        "store": "NoFrills_Chicken",
        "title": "Bone-in Chicken Thighs, Raised on Canadian Farms",
        "imageUrl": "https://assets.shop.loblaws.ca/products/20633115/b1/en/front/20633115_front_a01_@2.png",
        "price": "$8.00",
        "unitSize": "0.954 kg",
        "unitPrice": "$0.84 / 100g",
        "link": "https://www.nofrills.ca/p/20633115_EA"
      },
      {
        "store": "NoFrills_Chicken",
        "title": "Instant Noodles, Chicken",
        "imageUrl": "https://assets.shop.loblaws.ca/products/20147525001/b1/en/front/20147525001_front_a01_@2.png",
        "price": "$5.49",
        "unitSize": "12x85.0 g",
        "unitPrice": "$0.54 / 100g",
        "link": "https://www.nofrills.ca/p/20147525001_EA"
      },
      {
        "store": "NoFrills_Chicken",
        "title": "Chicken Pad Thai",
        "imageUrl": "https://assets.shop.loblaws.ca/products/20987543/b1/en/front/20987543_front_a01_@2.png",
        "price": "$4.49",
        "unitSize": "365 g",
        "unitPrice": "$1.23 / 100g",
        "link": "https://www.nofrills.ca/p/20987543_EA"
      },
      {
        "store": "NoFrills_Chicken",
        "title": "Chicken Burger, Club Pack",
        "imageUrl": "https://assets.shop.loblaws.ca/products/21178783/b1/en/front/21178783_front_a01_@2.png",
        "price": "$10.49",
        "unitSize": "1810 g",
        "unitPrice": "$0.58 / 100g",
        "link": "https://www.nofrills.ca/p/21178783_EA"
      },
      {
        "store": "NoFrills_Chicken",
        "title": "Gluten Free Chicken Strips",
        "imageUrl": "https://assets.shop.loblaws.ca/products/21079476/b1/en/front/21079476_front_a01_@2.png",
        "price": "$8.99",
        "unitSize": "600 g",
        "unitPrice": "$1.50 / 100g",
        "link": "https://www.nofrills.ca/p/21079476_EA"
      },
      {
        "store": "NoFrills_Chicken",
        "title": "Chicken Drumstick",
        "imageUrl": "https://assets.shop.loblaws.ca/products/20654051/b1/en/front/20654051_front_a01_@2.png",
        "price": "$11.77",
        "unitSize": "",
        "unitPrice": "$1.10 / 100g",
        "link": "https://www.nofrills.ca/p/20654051_KG"
      },
      {
        "store": "NoFrills_Chicken",
        "title": "Breaded Chicken Cutlettes Chicken Strips",
        "imageUrl": "https://assets.shop.loblaws.ca/products/21178744/b1/en/front/21178744_front_a01_@2.png",
        "price": "$6.00",
        "unitSize": "908 g",
        "unitPrice": "$0.66 / 100g",
        "link": "https://www.nofrills.ca/p/21178744_EA"
      },
      {
        "store": "NoFrills_Chicken",
        "title": "Chicken Leg",
        "imageUrl": "https://assets.shop.loblaws.ca/products/20110263/b1/en/front/20110263_front_a01_@2.png",
        "price": "$12.09",
        "unitSize": "",
        "unitPrice": "$0.99 / 100g",
        "link": "https://www.nofrills.ca/p/20110263_KG"
      },
      {
        "store": "NoFrills_Chicken",
        "title": "Chicken Thighs",
        "imageUrl": "https://assets.shop.loblaws.ca/products/20599862/b1/en/front/20599862_front_a01_@2.png",
        "price": "$8.00",
        "unitSize": "800 g",
        "unitPrice": "$1.00 / 100g",
        "link": "https://www.nofrills.ca/p/20599862_EA"
      },
      {
        "store": "NoFrills_Chicken",
        "title": "Chicken Breast Fillets",
        "imageUrl": "https://assets.shop.loblaws.ca/products/20654745/b1/en/front/20654745_front_a01_@2.png",
        "price": "$9.81",
        "unitSize": "",
        "unitPrice": "$1.78 / 100g",
        "link": "https://www.nofrills.ca/p/20654745_KG"
      },
      {
        "store": "NoFrills_Chicken",
        "title": "Ground Lean Chicken",
        "imageUrl": "https://assets.shop.loblaws.ca/products/21028398/b1/en/front/21028398_front_a01_@2.png",
        "price": "$2.49",
        "unitSize": "454 g",
        "unitPrice": "$0.55 / 100g",
        "link": "https://www.nofrills.ca/p/21028398_EA"
      },
      {
        "store": "NoFrills_Chicken",
        "title": "Kosher Chicken Legs",
        "imageUrl": "https://assets.shop.loblaws.ca/products/20172566/b1/en/front/20172566_front_a01_@2.png",
        "price": "$6.57",
        "unitSize": "",
        "unitPrice": "$0.95 / 100g",
        "link": "https://www.nofrills.ca/p/20172566_KG"
      },
      {
        "store": "NoFrills_Chicken",
        "title": "Chicken Whole, Tray Pack",
        "imageUrl": "https://assets.shop.loblaws.ca/products/20654705/b1/en/front/20654705_front_a01_@2.png",
        "price": "$16.63",
        "unitSize": "",
        "unitPrice": "$0.99 / 100g",
        "link": "https://www.nofrills.ca/p/20654705_KG"
      },
      {
        "store": "NoFrills_Chicken",
        "title": "Chicken Whole, Tray Pack",
        "imageUrl": "https://assets.shop.loblaws.ca/products/20147976/b1/en/front/20147976_front_a01_@2.png",
        "price": "$19.14",
        "unitSize": "",
        "unitPrice": "$1.10 / 100g",
        "link": "https://www.nofrills.ca/p/20147976_KG"
      },
      {
        "store": "NoFrills_Chicken",
        "title": "Air Chilled Whole Chicken",
        "imageUrl": "",
        "price": "$9.08",
        "unitSize": "",
        "unitPrice": "$0.73 / 100g",
        "link": "https://www.nofrills.ca/p/20654599_KG"
      },
      {
        "store": "NoFrills_Chicken",
        "title": "Portuguese Flavoured Flattened Chicken",
        "imageUrl": "https://assets.shop.loblaws.ca/products/21456143/b1/en/front/21456143_front_a01_@2.png",
        "price": "$12.10",
        "unitSize": "",
        "unitPrice": "$1.21 / 100g",
        "link": "https://www.nofrills.ca/p/21456143_KG"
      },
      {
        "store": "NoFrills_Chicken",
        "title": "Chicken Thighs Bone In",
        "imageUrl": "https://assets.shop.loblaws.ca/products/20345363/b1/en/front/20345363_front_a01_@2.png",
        "price": "$7.37",
        "unitSize": "",
        "unitPrice": "$1.32 / 100g",
        "link": "https://www.nofrills.ca/p/20345363_KG"
      },
      {
        "store": "NoFrills_Chicken",
        "title": "Chicken Breasts, Tray Pack",
        "imageUrl": "https://assets.shop.loblaws.ca/products/20150082/b1/en/front/20150082_front_a01_@2.png",
        "price": "$9.78",
        "unitSize": "",
        "unitPrice": "$1.32 / 100g",
        "link": "https://www.nofrills.ca/p/20150082_KG"
      },
      {
        "store": "NoFrills_Chicken",
        "title": "Breaded Chicken Strips",
        "imageUrl": "https://assets.shop.loblaws.ca/products/21108889/b1/en/front/21108889_front_a01_@2.png",
        "price": "$8.99",
        "unitSize": "600 g",
        "unitPrice": "$1.50 / 100g",
        "link": "https://www.nofrills.ca/p/21108889_EA"
      },
      {
        "store": "NoFrills_Chicken",
        "title": "Breaded Chicken Cutlettes Chicken Nuggets Club Size",
        "imageUrl": "https://assets.shop.loblaws.ca/products/21178766/b1/en/front/21178766_front_a01_@2.png",
        "price": "$10.49",
        "unitSize": "1810 g",
        "unitPrice": "$0.58 / 100g",
        "link": "https://www.nofrills.ca/p/21178766_EA"
      },
      {
        "store": "NoFrills_Chicken",
        "title": "Fresh Whole Chicken, Tray Pack",
        "imageUrl": "https://assets.shop.loblaws.ca/products/20054871/b1/en/front/20054871_front_a01_@2.png",
        "price": "$15.31",
        "unitSize": "",
        "unitPrice": "$0.88 / 100g",
        "link": "https://www.nofrills.ca/p/20054871_KG"
      },
      {
        "store": "NoFrills_Chicken",
        "title": "Crispy Southern Style Chicken",
        "imageUrl": "https://assets.shop.loblaws.ca/products/20015813/b1/en/front/20015813_front_a01_@2.png",
        "price": "$18.99",
        "unitSize": "1 kg",
        "unitPrice": "$1.90 / 100g",
        "link": "https://www.nofrills.ca/p/20015813_EA"
      },
      {
        "store": "NoFrills_Chicken",
        "title": "Chicken Nuggets, Club Pack",
        "imageUrl": "https://assets.shop.loblaws.ca/products/21201374/b1/en/front/21201374_front_a01_@2.png",
        "price": "$11.99",
        "unitSize": "1.4 kg",
        "unitPrice": "$0.86 / 100g",
        "link": "https://www.nofrills.ca/p/21201374_EA"
      }
    ],
    [
      {
        "store": "NoFrills_Pork",
        "title": "Free From Lean Ground Pork",
        "imageUrl": "https://assets.shop.loblaws.ca/products/20883220/b1/en/front/20883220_front_a01_@2.png",
        "price": "$6.49",
        "unitSize": "454 g",
        "unitPrice": "$1.43 / 100g",
        "link": "https://www.nofrills.ca/p/20883220_EA"
      },
      {
        "store": "NoFrills_Pork",
        "title": "Pork Tenderloin Pack of 2",
        "imageUrl": "https://assets.shop.loblaws.ca/products/20520970/b1/en/front/20520970_front_a01_@2.png",
        "price": "$6.99 ($16.32)",
        "unitSize": "",
        "unitPrice": "$0.66 / 100g",
        "link": "https://www.nofrills.ca/p/20520970_KG"
      },
      {
        "store": "NoFrills_Pork",
        "title": "Barbecue Seasoned Pork Shoulder Blade (World Of Flavours )",
        "imageUrl": "https://assets.shop.loblaws.ca/products/21205736/b1/en/front/21205736_front_a01_@2.png",
        "price": "$13.49 ($13.99)",
        "unitSize": "900 g",
        "unitPrice": "$1.50 / 100g",
        "link": "https://www.nofrills.ca/p/21205736_EA"
      },
      {
        "store": "NoFrills_Pork",
        "title": "Worlds of Flavors Carnitas Pork Shoulder",
        "imageUrl": "https://assets.shop.loblaws.ca/products/21095511/b1/en/front/21095511_front_a01_@2.png",
        "price": "$13.49 ($14.49)",
        "unitSize": "900 g",
        "unitPrice": "$1.50 / 100g",
        "link": "https://www.nofrills.ca/p/21095511_EA"
      },
      {
        "store": "NoFrills_Pork",
        "title": "Boneless Pork Chop Center & Rib, Club Pack",
        "imageUrl": "https://assets.shop.loblaws.ca/products/20353305/b1/en/front/20353305_front_a01_@2.png",
        "price": "$8.43",
        "unitSize": "",
        "unitPrice": "$1.10 / 100g",
        "link": "https://www.nofrills.ca/p/20353305_KG"
      },
      {
        "store": "NoFrills_Pork",
        "title": "World Of Flavours Greek Seasoned Pork Loin Roast",
        "imageUrl": "https://assets.shop.loblaws.ca/products/21095540/b1/en/front/21095540_front_a01_@2.png",
        "price": "$13.49",
        "unitSize": "730 g",
        "unitPrice": "$1.85 / 100g",
        "link": "https://www.nofrills.ca/p/21095540_EA"
      },
      {
        "store": "NoFrills_Pork",
        "title": "Free From Boneless Rib End Pork Roast, Tray Pack",
        "imageUrl": "https://assets.shop.loblaws.ca/products/21095306/b1/en/front/21095306_front_a01_@2.png",
        "price": "$7.58",
        "unitSize": "",
        "unitPrice": "$1.10 / 100g",
        "link": "https://www.nofrills.ca/p/21095306_KG"
      },
      {
        "store": "NoFrills_Pork",
        "title": "Free From Original Breakfast Pork Sausages",
        "imageUrl": "https://assets.shop.loblaws.ca/products/20720612/b1/en/front/20720612_front_a01_@2.png",
        "price": "$5.99",
        "unitSize": "375 g",
        "unitPrice": "$1.60 / 100g",
        "link": "https://www.nofrills.ca/p/20720612_EA"
      },
      {
        "store": "NoFrills_Pork",
        "title": "Free From Boneless Pork Fast Fry Center Chop, Tray Pack",
        "imageUrl": "https://assets.shop.loblaws.ca/products/21095303/b1/en/front/21095303_front_a01_@2.png",
        "price": "$8.05",
        "unitSize": "",
        "unitPrice": "$1.76 / 100g",
        "link": "https://www.nofrills.ca/p/21095303_KG"
      },
      {
        "store": "NoFrills_Pork",
        "title": "Pork Tenderloin",
        "imageUrl": "https://assets.shop.loblaws.ca/products/20860865/b1/en/front/20860865_front_a01_@2.png",
        "price": "$7.85",
        "unitSize": "",
        "unitPrice": "$1.45 / 100g",
        "link": "https://www.nofrills.ca/p/20860865_KG"
      },
      {
        "store": "NoFrills_Pork",
        "title": "Pork Souvlaki, Value Pack",
        "imageUrl": "https://assets.shop.loblaws.ca/products/21098855/b1/en/front/21098855_front_a01_@2.png",
        "price": "$14.49",
        "unitSize": "640 g",
        "unitPrice": "$2.26 / 100g",
        "link": "https://www.nofrills.ca/p/21098855_EA"
      },
      {
        "store": "NoFrills_Pork",
        "title": "Pork and Vegetable Potstickers",
        "imageUrl": "https://assets.shop.loblaws.ca/products/21495823/b1/en/front/21495823_front_a01_@2.png",
        "price": "$5.00",
        "unitSize": "567 g",
        "unitPrice": "$0.88 / 100g",
        "link": "https://www.nofrills.ca/p/21495823_EA"
      },
      {
        "store": "NoFrills_Pork",
        "title": "Pork Cottage Roll",
        "imageUrl": "https://assets.shop.loblaws.ca/products/20188379/b1/en/front/20188379_front_a01_@2.png",
        "price": "$11.54 ($18.15)",
        "unitSize": "",
        "unitPrice": "$0.77 / 100g",
        "link": "https://www.nofrills.ca/p/20188379_KG"
      },
      {
        "store": "NoFrills_Pork",
        "title": "Pork Half Loin",
        "imageUrl": "https://assets.shop.loblaws.ca/products/20554787/b1/en/front/20554787_front_a01_@2.png",
        "price": "$29.70",
        "unitSize": "",
        "unitPrice": "$0.99 / 100g",
        "link": "https://www.nofrills.ca/p/20554787_KG"
      },
      {
        "store": "NoFrills_Pork",
        "title": "BBQ Pork Ribs",
        "imageUrl": "https://assets.shop.loblaws.ca/products/21022221/b1/en/front/21022221_front_a01_@2.png",
        "price": "$14.99",
        "unitSize": "600 g",
        "unitPrice": "$2.50 / 100g",
        "link": "https://www.nofrills.ca/p/21022221_EA"
      },
      {
        "store": "NoFrills_Pork",
        "title": "Natural Ground Pork Sausage Meat",
        "imageUrl": "https://assets.shop.loblaws.ca/products/20011925/b1/en/front/20011925_front_a01_@2.png",
        "price": "$6.49 ($8.49)",
        "unitSize": "500 g",
        "unitPrice": "$1.30 / 100g",
        "link": "https://www.nofrills.ca/p/20011925_EA"
      },
      {
        "store": "NoFrills_Pork",
        "title": "Pork Picnic",
        "imageUrl": "https://assets.shop.loblaws.ca/products/20621861/b1/en/front/20621861_front_a01_@2.png",
        "price": "$29.52",
        "unitSize": "",
        "unitPrice": "$0.77 / 100g",
        "link": "https://www.nofrills.ca/p/20621861_KG"
      },
      {
        "store": "NoFrills_Pork",
        "title": "Pork Side Rib Portion",
        "imageUrl": "https://assets.shop.loblaws.ca/products/20289619/b1/en/front/20289619_front_a01_@2.png",
        "price": "$21.27",
        "unitSize": "",
        "unitPrice": "$1.10 / 100g",
        "link": "https://www.nofrills.ca/p/20289619_KG"
      },
      {
        "store": "NoFrills_Pork",
        "title": "Pork Tenderloin Frozen",
        "imageUrl": "https://assets.shop.loblaws.ca/products/20022055/b1/en/front/20022055_front_a01_@2.png",
        "price": "$4.91",
        "unitSize": "",
        "unitPrice": "$0.55 / 100g",
        "link": "https://www.nofrills.ca/p/20022055_KG"
      },
      {
        "store": "NoFrills_Pork",
        "title": "Pork Riblets",
        "imageUrl": "https://assets.shop.loblaws.ca/products/20353330/b1/en/front/20353330_front_a01_@2.png",
        "price": "$5.15",
        "unitSize": "",
        "unitPrice": "$0.99 / 100g",
        "link": "https://www.nofrills.ca/p/20353330_KG"
      },
      {
        "store": "NoFrills_Pork",
        "title": "Pork Back Ribs",
        "imageUrl": "https://assets.shop.loblaws.ca/products/20862256/b1/en/front/20862256_front_a01_@2.png",
        "price": "$16.63",
        "unitSize": "",
        "unitPrice": "$1.33 / 100g",
        "link": "https://www.nofrills.ca/p/20862256_KG"
      },
      {
        "store": "NoFrills_Pork",
        "title": "Pork St Louis Side Rib, Seasoned",
        "imageUrl": "https://assets.shop.loblaws.ca/products/20353607/b1/en/front/20353607_front_a01_@2.png",
        "price": "$13.75",
        "unitSize": "",
        "unitPrice": "$1.43 / 100g",
        "link": "https://www.nofrills.ca/p/20353607_KG"
      },
      {
        "store": "NoFrills_Pork",
        "title": "Pork Shoulder Picnic Roast, Seasoned",
        "imageUrl": "https://assets.shop.loblaws.ca/products/20358125/b1/en/front/20358125_front_a01_@2.png",
        "price": "$19.28",
        "unitSize": "",
        "unitPrice": "$0.99 / 100g",
        "link": "https://www.nofrills.ca/p/20358125_KG"
      },
      {
        "store": "NoFrills_Pork",
        "title": "Pork Loin Chop, Centre Cut",
        "imageUrl": "https://assets.shop.loblaws.ca/products/20353700/b1/en/front/20353700_front_a01_@2.png",
        "price": "$8.01",
        "unitSize": "",
        "unitPrice": "$1.43 / 100g",
        "link": "https://www.nofrills.ca/p/20353700_KG"
      },
      {
        "store": "NoFrills_Pork",
        "title": "Pork Boneless Chop Center & Rib",
        "imageUrl": "https://assets.shop.loblaws.ca/products/20353615/b1/en/front/20353615_front_a01_@2.png",
        "price": "$5.68",
        "unitSize": "",
        "unitPrice": "$1.54 / 100g",
        "link": "https://www.nofrills.ca/p/20353615_KG"
      },
      {
        "store": "NoFrills_Pork",
        "title": "Pork Breast Bones",
        "imageUrl": "https://assets.shop.loblaws.ca/products/20353962/b1/en/front/20353962_front_a01_@2.png",
        "price": "$7.48",
        "unitSize": "",
        "unitPrice": "$0.44 / 100g",
        "link": "https://www.nofrills.ca/p/20353962_KG"
      },
      {
        "store": "NoFrills_Pork",
        "title": "Pork Combo Chops",
        "imageUrl": "https://assets.shop.loblaws.ca/products/20683470/b1/en/front/20683470_front_a01_@2.png",
        "price": "$10.76",
        "unitSize": "",
        "unitPrice": "$1.08 / 100g",
        "link": "https://www.nofrills.ca/p/20683470_KG"
      },
      {
        "store": "NoFrills_Pork",
        "title": "Pork Picnic Shoulder",
        "imageUrl": "https://assets.shop.loblaws.ca/products/21161819/b1/en/front/21161819_front_a01_@2.png",
        "price": "$26.45",
        "unitSize": "",
        "unitPrice": "$0.77 / 100g",
        "link": "https://www.nofrills.ca/p/21161819_KG"
      },
      {
        "store": "NoFrills_Pork",
        "title": "Frozen Pork Back Ribs",
        "imageUrl": "https://assets.shop.loblaws.ca/products/20970909/b1/en/front/20970909_front_a01_@2.png",
        "price": "$22.51",
        "unitSize": "",
        "unitPrice": "$0.88 / 100g",
        "link": "https://www.nofrills.ca/p/20970909_KG"
      },
      {
        "store": "NoFrills_Pork",
        "title": "Pork Belly, Sliced",
        "imageUrl": "https://assets.shop.loblaws.ca/products/20353421/b1/en/front/20353421_front_a01_@2.png",
        "price": "$6.70",
        "unitSize": "",
        "unitPrice": "$1.54 / 100g",
        "link": "https://www.nofrills.ca/p/20353421_KG"
      },
      {
        "store": "NoFrills_Pork",
        "title": "BBQ Pork Back Rib",
        "imageUrl": "https://assets.shop.loblaws.ca/products/21530551/b1/en/front/21530551_front_a01_@2.png",
        "price": "$13.99",
        "unitSize": "680 g",
        "unitPrice": "$2.06 / 100g",
        "link": "https://www.nofrills.ca/p/21530551_EA"
      },
      {
        "store": "NoFrills_Pork",
        "title": "Pork Loin Comb End, Club Pack",
        "imageUrl": "https://assets.shop.loblaws.ca/products/20353947/b1/en/front/20353947_front_a01_@2.png",
        "price": "$15.90",
        "unitSize": "",
        "unitPrice": "$0.99 / 100g",
        "link": "https://www.nofrills.ca/p/20353947_KG"
      },
      {
        "store": "NoFrills_Pork",
        "title": "Pork Loin Chop Center",
        "imageUrl": "https://assets.shop.loblaws.ca/products/20353810/b1/en/front/20353810_front_a01_@2.png",
        "price": "$10.63",
        "unitSize": "",
        "unitPrice": "$1.54 / 100g",
        "link": "https://www.nofrills.ca/p/20353810_KG"
      },
      {
        "store": "NoFrills_Pork",
        "title": "Pork Back Ribs, 2-pack",
        "imageUrl": "https://assets.shop.loblaws.ca/products/20769496/b1/en/front/20769496_front_a01_@2.png",
        "price": "$30.64",
        "unitSize": "",
        "unitPrice": "$1.32 / 100g",
        "link": "https://www.nofrills.ca/p/20769496_KG"
      },
      {
        "store": "NoFrills_Pork",
        "title": "Pork Boneless Seasoned Schnitzels",
        "imageUrl": "",
        "price": "$6.34",
        "unitSize": "",
        "unitPrice": "$1.98 / 100g",
        "link": "https://www.nofrills.ca/p/20354753_KG"
      },
      {
        "store": "NoFrills_Pork",
        "title": "Pork Loin Centre Chop, Club Pack Seasoned",
        "imageUrl": "https://assets.shop.loblaws.ca/products/20353885/b1/en/front/20353885_front_a01_@2.png",
        "price": "$17.71",
        "unitSize": "",
        "unitPrice": "$1.32 / 100g",
        "link": "https://www.nofrills.ca/p/20353885_KG"
      },
      {
        "store": "NoFrills_Pork",
        "title": "Fully Cooked Pork Back Ribs, Smokin Stampede",
        "imageUrl": "https://assets.shop.loblaws.ca/products/21284542/b1/en/front/21284542_front_a01_@2.png",
        "price": "$12.00",
        "unitSize": "500 g",
        "unitPrice": "$2.40 / 100g",
        "link": "https://www.nofrills.ca/p/21284542_EA"
      },
      {
        "store": "NoFrills_Pork",
        "title": "Pork Tenderloin Spinach & Feta Cheese",
        "imageUrl": "https://assets.shop.loblaws.ca/products/21551810/b1/en/front/21551810_front_a01_@2.png",
        "price": "$10.99",
        "unitSize": "500 g",
        "unitPrice": "$2.20 / 100g",
        "link": "https://www.nofrills.ca/p/21551810_EA"
      },
      {
        "store": "NoFrills_Pork",
        "title": "Free From Boneless Pork Center & Rib Chops",
        "imageUrl": "https://assets.shop.loblaws.ca/products/21095290/b1/en/front/21095290_front_a01_@2.png",
        "price": "$8.05",
        "unitSize": "",
        "unitPrice": "$1.76 / 100g",
        "link": "https://www.nofrills.ca/p/21095290_KG"
      },
      {
        "store": "NoFrills_Pork",
        "title": "Honey Barbecue Pork Back Ribs",
        "imageUrl": "https://assets.shop.loblaws.ca/products/20349767/b1/en/front/20349767_front_a01_@2.png",
        "price": "$14.00 ($15.99)",
        "unitSize": "680 g",
        "unitPrice": "$2.06 / 100g",
        "link": "https://www.nofrills.ca/p/20349767_EA"
      },
      {
        "store": "NoFrills_Pork",
        "title": "Pork Tenderloin Herbs & Parmesan Cheese",
        "imageUrl": "https://assets.shop.loblaws.ca/products/21552018/b1/en/front/21552018_front_a01_@2.png",
        "price": "$10.99",
        "unitSize": "500 g",
        "unitPrice": "$2.20 / 100g",
        "link": "https://www.nofrills.ca/p/21552018_EA"
      },
      {
        "store": "NoFrills_Pork",
        "title": "Ground Pork, Lean - Tray Pack",
        "imageUrl": "https://assets.shop.loblaws.ca/products/20353297/b1/en/front/20353297_front_a01_@2.png",
        "price": "$7.66",
        "unitSize": "",
        "unitPrice": "$1.21 / 100g",
        "link": "https://www.nofrills.ca/p/20353297_KG"
      },
      {
        "store": "NoFrills_Pork",
        "title": "Lean Ground Pork, Club Pack",
        "imageUrl": "https://assets.shop.loblaws.ca/products/20353851/b1/en/front/20353851_front_a01_@2.png",
        "price": "$8.89 ($11.45)",
        "unitSize": "",
        "unitPrice": "$0.77 / 100g",
        "link": "https://www.nofrills.ca/p/20353851_KG"
      },
      {
        "store": "NoFrills_Pork",
        "title": "Pork Back Ribs, Honey Garlic",
        "imageUrl": "https://assets.shop.loblaws.ca/products/21093780/b1/en/front/21093780_front_a01_@2.png",
        "price": "$14.99",
        "unitSize": "600 g",
        "unitPrice": "$2.50 / 100g",
        "link": "https://www.nofrills.ca/p/21093780_EA"
      },
      {
        "store": "NoFrills_Pork",
        "title": "Pork Loin Center Cutlet Boneless",
        "imageUrl": "https://assets.shop.loblaws.ca/products/20353967/b1/en/front/20353967_front_a01_@2.png",
        "price": "$6.86",
        "unitSize": "",
        "unitPrice": "$1.43 / 100g",
        "link": "https://www.nofrills.ca/p/20353967_KG"
      },
      {
        "store": "NoFrills_Pork",
        "title": "Free From Pork Side Rib Breast, Club Pack",
        "imageUrl": "https://assets.shop.loblaws.ca/products/21095172/b1/en/front/21095172_front_a01_@2.png",
        "price": "$27.32",
        "unitSize": "",
        "unitPrice": "$1.61 / 100g",
        "link": "https://www.nofrills.ca/p/21095172_KG"
      },
      {
        "store": "NoFrills_Pork",
        "title": "Carolina Gold Sauce Pork Back Ribs",
        "imageUrl": "https://assets.shop.loblaws.ca/products/21517824/b1/en/front/21517824_front_a01_@2.png",
        "price": "$12.00",
        "unitSize": "500 g",
        "unitPrice": "$2.40 / 100g",
        "link": "https://www.nofrills.ca/p/21517824_EA"
      },
      {
        "store": "NoFrills_Pork",
        "title": "Free From Pork Bone In Sirloin Chops",
        "imageUrl": "https://assets.shop.loblaws.ca/products/21122668/b1/en/front/21122668_front_a01_@2.png",
        "price": "$7.33",
        "unitSize": "",
        "unitPrice": "$0.99 / 100g",
        "link": "https://www.nofrills.ca/p/21122668_KG"
      }
    ],
    [
      {
        "store": "Sobeys_Beef",
        "title": "Certified Angus Beef Stew Beef Boneless",
        "imageUrl": "https://voila.ca/images-v3/2d92d19c-0354-49c0-8a91-5260ed0bf531/8842d952-0aa4-4965-81cf-0d6540ac7cf3/300x300.jpg",
        "price": "$9.41",
        "unitSize": "0.475 kg",
        "unitPrice": "$1.98 / 100g",
        "link": "https://voila.ca/products/20375KG"
      },
      {
        "store": "Sobeys_Beef",
        "title": "Ground Beef Lean",
        "imageUrl": "https://voila.ca/images-v3/2d92d19c-0354-49c0-8a91-5260ed0bf531/77b042dc-aa5e-4aa2-9875-f7c6e7e122ae/300x300.jpg",
        "price": "$13.99",
        "unitSize": "908 g",
        "unitPrice": "$1.54 / 100g",
        "link": "https://voila.ca/products/660107EA"
      },
      {
        "store": "Sobeys_Beef",
        "title": "Ground Beef Lean",
        "imageUrl": "https://voila.ca/images-v3/2d92d19c-0354-49c0-8a91-5260ed0bf531/ac830ddb-2265-4789-b3f5-d80c8acac88d/300x300.jpg",
        "price": "$7.49",
        "unitSize": "454 g",
        "unitPrice": "$1.65 / 100g",
        "link": "https://voila.ca/products/660101EA"
      },
      {
        "store": "Sobeys_Beef",
        "title": "Beef Boneless Stir Fry",
        "imageUrl": "https://voila.ca/images-v3/2d92d19c-0354-49c0-8a91-5260ed0bf531/7dd7e58c-99c7-406b-ba02-f39f407efa90/300x300.jpg",
        "price": "$14.37",
        "unitSize": "0.45 450",
        "unitPrice": "$31.93 / each",
        "link": "https://voila.ca/products/587921KG"
      },
      {
        "store": "Sobeys_Beef",
        "title": "Extra Lean Ground Beef",
        "imageUrl": "https://voila.ca/images-v3/2d92d19c-0354-49c0-8a91-5260ed0bf531/72ab5f76-2a47-48c1-8fd1-2896cf964241/300x300.jpg",
        "price": "$8.99",
        "unitSize": "454 g",
        "unitPrice": "$1.98 / 100g",
        "link": "https://voila.ca/products/660108EA"
      },
      {
        "store": "Sobeys_Beef",
        "title": "Springvale Grass Fed Ground Beef Lean",
        "imageUrl": "https://voila.ca/images-v3/2d92d19c-0354-49c0-8a91-5260ed0bf531/7504c166-9cda-43b2-b7d8-ebb518157254/300x300.jpg",
        "price": "$8.99",
        "unitSize": "485 g",
        "unitPrice": "$1.85 / 100g",
        "link": "https://voila.ca/products/966800EA"
      },
      {
        "store": "Sobeys_Beef",
        "title": "Medium Ground Beef",
        "imageUrl": "https://voila.ca/images-v3/2d92d19c-0354-49c0-8a91-5260ed0bf531/51d32d2f-06ff-41b0-8163-5ab2ff6c1180/300x300.jpg",
        "price": "$7.49",
        "unitSize": "454 g",
        "unitPrice": "$1.65 / 100g",
        "link": "https://voila.ca/products/660070EA"
      },
      {
        "store": "Sobeys_Beef",
        "title": "Ground Beef Extra Lean Value Size",
        "imageUrl": "https://voila.ca/images-v3/2d92d19c-0354-49c0-8a91-5260ed0bf531/3d91ff19-5fbc-4453-a1d4-1c54fa03c734/300x300.jpg",
        "price": "$15.99",
        "unitSize": "908 g",
        "unitPrice": "$1.76 / 100g",
        "link": "https://voila.ca/products/802283EA"
      },
      {
        "store": "Sobeys_Beef",
        "title": "Certified Angus Beef Meatballs Original",
        "imageUrl": "https://voila.ca/images-v3/2d92d19c-0354-49c0-8a91-5260ed0bf531/2fcd1052-6b08-4cad-b259-15d75885097e/300x300.jpg",
        "price": "$8.81",
        "unitSize": "0.5 kg",
        "unitPrice": "$1.76 / 100g",
        "link": "https://voila.ca/products/20594KG"
      },
      {
        "store": "Sobeys_Beef",
        "title": "Certified Angus Beef Bambino Burger Original",
        "imageUrl": "https://voila.ca/images-v3/2d92d19c-0354-49c0-8a91-5260ed0bf531/e0e79cbb-d4ff-4756-afa0-402db2cc5b6b/300x300.jpg",
        "price": "$11.01",
        "unitSize": "0.625 kg",
        "unitPrice": "$1.76 / 100g",
        "link": "https://voila.ca/products/20597KG"
      },
      {
        "store": "Sobeys_Beef",
        "title": "Certified Angus Beef Burgers",
        "imageUrl": "https://voila.ca/images-v3/2d92d19c-0354-49c0-8a91-5260ed0bf531/1b9139d3-209b-4b92-a40c-889fd9d93e80/300x300.jpg",
        "price": "$8.72",
        "unitSize": "0.495 kg",
        "unitPrice": "$1.76 / 100g",
        "link": "https://voila.ca/products/20394KG"
      },
      {
        "store": "Sobeys_Beef",
        "title": "Stewing Beef",
        "imageUrl": "https://voila.ca/images-v3/2d92d19c-0354-49c0-8a91-5260ed0bf531/75b189be-0bb0-4061-ad2a-7476bdb1a0e5/300x300.jpg",
        "price": "$17.33",
        "unitSize": "0.55 kg",
        "unitPrice": "$3.15 / 100g",
        "link": "https://voila.ca/products/587914KG"
      },
      {
        "store": "Sobeys_Beef",
        "title": "Certified Angus Beef Stir-Fry",
        "imageUrl": "https://voila.ca/images-v3/2d92d19c-0354-49c0-8a91-5260ed0bf531/bb554625-62e6-4197-872e-38f222e14de5/300x300.jpg",
        "price": "$14.65",
        "unitSize": "0.475 kg",
        "unitPrice": "$3.08 / 100g",
        "link": "https://voila.ca/products/20373KG"
      },
      {
        "store": "Sobeys_Beef",
        "title": "Angus Beef Stewing Beef Value Pack",
        "imageUrl": "https://voila.ca/images-v3/2d92d19c-0354-49c0-8a91-5260ed0bf531/9a34fa82-e80c-4e25-8ec9-2f5cfe4b5770/300x300.jpg",
        "price": "$25.09",
        "unitSize": "1.425 kg",
        "unitPrice": "$1.76 / 100g",
        "link": "https://voila.ca/products/20441KG"
      },
      {
        "store": "Sobeys_Beef",
        "title": "Grass Fed Stewing Beef Boneless",
        "imageUrl": "https://voila.ca/images-v3/2d92d19c-0354-49c0-8a91-5260ed0bf531/2b7995f6-2e13-4383-b652-ca345d31a3af/300x300.jpg",
        "price": "$11.99",
        "unitSize": "454 g",
        "unitPrice": "$2.64 / 100g",
        "link": "https://voila.ca/products/967317EA"
      },
      {
        "store": "Sobeys_Beef",
        "title": "Sirloin Beef Strips Flame Grilled",
        "imageUrl": "https://voila.ca/images-v3/2d92d19c-0354-49c0-8a91-5260ed0bf531/64b04eef-43de-4302-aa56-0d5510c39cd1/300x300.jpg",
        "price": "$7.99",
        "unitSize": "150 g",
        "unitPrice": "$5.33 / 100g",
        "link": "https://voila.ca/products/643673EA"
      },
      {
        "store": "Sobeys_Beef",
        "title": "Steak Beef Sirloin Tip 2 Pack",
        "imageUrl": "https://voila.ca/images-v3/2d92d19c-0354-49c0-8a91-5260ed0bf531/9758201a-ae88-47be-a421-4be98bba446e/300x300.jpg",
        "price": "$14.32",
        "unitSize": "0.5 kg",
        "unitPrice": "$2.86 / 100g",
        "link": "https://voila.ca/products/587902KG"
      },
      {
        "store": "Sobeys_Beef",
        "title": "Certified Angus Beef Inside Round",
        "imageUrl": "https://voila.ca/images-v3/2d92d19c-0354-49c0-8a91-5260ed0bf531/3ebec8b8-dd44-487b-9bb8-07461b7b411b/300x300.jpg",
        "price": "$4.95",
        "unitSize": "0.225 kg",
        "unitPrice": "$2.20 / 100g",
        "link": "https://voila.ca/products/20376KG"
      },
      {
        "store": "Sobeys_Beef",
        "title": "Certified Angus Beef Blade Roast",
        "imageUrl": "https://voila.ca/images-v3/2d92d19c-0354-49c0-8a91-5260ed0bf531/9432c5f4-5750-4625-b002-8fac01fd6994/300x300.jpg",
        "price": "$24.28",
        "unitSize": "1.225 kg",
        "unitPrice": "$1.98 / 100g",
        "link": "https://voila.ca/products/20384KG"
      },
      {
        "store": "Sobeys_Beef",
        "title": "Sterling Silver Steak Beef Thick Cut Striploin",
        "imageUrl": "https://voila.ca/images-v3/2d92d19c-0354-49c0-8a91-5260ed0bf531/798256ea-92e1-459f-80b9-b25891db1c3b/300x300.jpg",
        "price": "$19.28",
        "unitSize": "0.35 kg",
        "unitPrice": "$5.51 / 100g",
        "link": "https://voila.ca/products/587899KG"
      },
      {
        "store": "Sobeys_Beef",
        "title": "Sterling Silver Steak Beef Striploin 2 Pack",
        "imageUrl": "https://voila.ca/images-v3/2d92d19c-0354-49c0-8a91-5260ed0bf531/ce6dfa61-439e-44ac-afa6-45c32d3535ca/300x300.jpg",
        "price": "$25.56",
        "unitSize": "0.464 kg",
        "unitPrice": "$5.51 / 100g",
        "link": "https://voila.ca/products/587891KG"
      },
      {
        "store": "Sobeys_Beef",
        "title": "Certified Angus Beef Eye Round Steak",
        "imageUrl": "https://voila.ca/images-v3/2d92d19c-0354-49c0-8a91-5260ed0bf531/79bf617d-d286-421a-8f6f-240031b7a721/300x300.jpg",
        "price": "$6.61",
        "unitSize": "0.3 kg",
        "unitPrice": "$2.20 / 100g",
        "link": "https://voila.ca/products/20377KG"
      },
      {
        "store": "Sobeys_Beef",
        "title": "Certified Angus Beef Rib Steak Cap Off",
        "imageUrl": "https://voila.ca/images-v3/2d92d19c-0354-49c0-8a91-5260ed0bf531/9feda3b9-cecd-4651-8b2b-14f7afd74d38/300x300.jpg",
        "price": "$19.01",
        "unitSize": "0.375 kg",
        "unitPrice": "$5.07 / 100g",
        "link": "https://voila.ca/products/20383KG"
      },
      {
        "store": "Sobeys_Beef",
        "title": "Certified Angus Beef Round Roast Boneless",
        "imageUrl": "https://voila.ca/images-v3/2d92d19c-0354-49c0-8a91-5260ed0bf531/3a27e0ec-5a95-4e89-80f4-916f8e428179/300x300.jpg",
        "price": "$27.74",
        "unitSize": "1.575 kg",
        "unitPrice": "$1.76 / 100g",
        "link": "https://voila.ca/products/20385KG"
      },
      {
        "store": "Sobeys_Beef",
        "title": "Certified Angus Beef Sirloin Tip Steak",
        "imageUrl": "https://voila.ca/images-v3/2d92d19c-0354-49c0-8a91-5260ed0bf531/6c06790e-5866-4f61-a5a2-04a974d60e0b/300x300.jpg",
        "price": "$10.46",
        "unitSize": "0.475 kg",
        "unitPrice": "$2.20 / 100g",
        "link": "https://voila.ca/products/20374KG"
      },
      {
        "store": "Sobeys_Beef",
        "title": "Certified Angus Beef Striploin Steak Fast Fry",
        "imageUrl": "https://voila.ca/images-v3/2d92d19c-0354-49c0-8a91-5260ed0bf531/8f0f6044-9a69-4a8a-b042-ef12d56472fa/300x300.jpg",
        "price": "$22.81",
        "unitSize": "0.45 kg",
        "unitPrice": "$5.07 / 100g",
        "link": "https://voila.ca/products/20381KG"
      },
      {
        "store": "Sobeys_Beef",
        "title": "Sterling Silver Steak Beef Striploin Medallion",
        "imageUrl": "https://voila.ca/images-v3/2d92d19c-0354-49c0-8a91-5260ed0bf531/1c790262-9086-442f-b676-e7d3b68fb9f7/300x300.jpg",
        "price": "$29.75",
        "unitSize": "0.5 kg",
        "unitPrice": "$5.95 / 100g",
        "link": "https://voila.ca/products/587823KG"
      },
      {
        "store": "Sobeys_Beef",
        "title": "Certified Angus Beef Boneless Sirloin Top Roast",
        "imageUrl": "https://voila.ca/images-v3/2d92d19c-0354-49c0-8a91-5260ed0bf531/84107227-6b32-46b9-8593-bd68e4bf2a73/300x300.jpg",
        "price": "$28.74",
        "unitSize": "1.45 kg",
        "unitPrice": "$1.98 / 100g",
        "link": "https://voila.ca/products/20593KG"
      },
      {
        "store": "Sobeys_Beef",
        "title": "Certified Angus Beef Top Sirloin Medallion",
        "imageUrl": "https://voila.ca/images-v3/2d92d19c-0354-49c0-8a91-5260ed0bf531/2219b7e4-3904-48c3-b62e-b2ed296d5351/300x300.jpg",
        "price": "$16.74",
        "unitSize": "0.475 kg",
        "unitPrice": "$3.52 / 100g",
        "link": "https://voila.ca/products/20378KG"
      },
      {
        "store": "Sobeys_Beef",
        "title": "Springvale Grass Fed Beef Flank Steaks",
        "imageUrl": "https://voila.ca/images-v3/2d92d19c-0354-49c0-8a91-5260ed0bf531/1eee49c2-2a86-4dbe-8424-8f1346453a8e/300x300.jpg",
        "price": "$10.49",
        "unitSize": "0.28 kg",
        "unitPrice": "$3.75 / 100g",
        "link": "https://voila.ca/products/967375KG"
      },
      {
        "store": "Sobeys_Beef",
        "title": "Certified Angus Beef Top Sirloin Steak",
        "imageUrl": "https://voila.ca/images-v3/2d92d19c-0354-49c0-8a91-5260ed0bf531/0d9b3d2f-98a2-4e43-971a-75415a5b9da1/300x300.jpg",
        "price": "$13.11",
        "unitSize": "0.425 kg",
        "unitPrice": "$3.08 / 100g",
        "link": "https://voila.ca/products/20379KG"
      },
      {
        "store": "Sobeys_Beef",
        "title": "Longo's Certified Angus Beef Striploin Steak Fast Fry",
        "imageUrl": "https://voila.ca/images-v3/2d92d19c-0354-49c0-8a91-5260ed0bf531/946b74be-3e1e-4539-b1e2-64e7b3119555/300x300.jpg",
        "price": "$25.45",
        "unitSize": "0.55 kg",
        "unitPrice": "$4.63 / 100g",
        "link": "https://voila.ca/products/20408KG"
      },
      {
        "store": "Sobeys_Beef",
        "title": "Certified Angus Beef Eye Round Steak",
        "imageUrl": "https://voila.ca/images-v3/2d92d19c-0354-49c0-8a91-5260ed0bf531/c0380860-80e5-4ee5-8192-3f3c9ee20b41/300x300.jpg",
        "price": "$6.06",
        "unitSize": "0.275 kg",
        "unitPrice": "$2.20 / 100g",
        "link": "https://voila.ca/products/20382KG"
      },
      {
        "store": "Sobeys_Beef",
        "title": "Certified Angus Beef Striploin Steak",
        "imageUrl": "https://voila.ca/images-v3/2d92d19c-0354-49c0-8a91-5260ed0bf531/2eef0ab6-0ffc-4703-8034-5ec5b9bbab7c/300x300.jpg",
        "price": "$15.76",
        "unitSize": "0.325 kg",
        "unitPrice": "$4.85 / 100g",
        "link": "https://voila.ca/products/20380KG"
      },
      {
        "store": "Sobeys_Beef",
        "title": "Certified Angus Beef Grill Steak Top Sirloin Cap",
        "imageUrl": "https://voila.ca/images-v3/2d92d19c-0354-49c0-8a91-5260ed0bf531/9d3cf173-9c58-4c8b-893e-f85a3c6c32fb/300x300.jpg",
        "price": "$12.89",
        "unitSize": "0.45 kg",
        "unitPrice": "$2.86 / 100g",
        "link": "https://voila.ca/products/32857KG"
      },
      {
        "store": "Sobeys_Beef",
        "title": "Certified Angus Beef Striploin Steaks Value Pack",
        "imageUrl": "https://voila.ca/images-v3/2d92d19c-0354-49c0-8a91-5260ed0bf531/43609947-ac09-4513-ae55-db1b146d9d1b/300x300.jpg",
        "price": "$62.46",
        "unitSize": "1.35 kg",
        "unitPrice": "$4.63 / 100g",
        "link": "https://voila.ca/products/20605KG"
      },
      {
        "store": "Sobeys_Beef",
        "title": "Longo's Certified Angus Beef Tenderloin Steak",
        "imageUrl": "https://voila.ca/images-v3/2d92d19c-0354-49c0-8a91-5260ed0bf531/3aeaecbc-2a46-4b69-8ed3-3381919357be/300x300.jpg",
        "price": "$27.27",
        "unitSize": "0.275 kg",
        "unitPrice": "$9.92 / 100g",
        "link": "https://voila.ca/products/32834KG"
      },
      {
        "store": "Sobeys_Beef",
        "title": "Grass Fed Beef Rib Steak",
        "imageUrl": "https://voila.ca/images-v3/2d92d19c-0354-49c0-8a91-5260ed0bf531/b6d2b656-8eab-428f-976b-572e3679defa/300x300.jpg",
        "price": "$11.31",
        "unitSize": "0.19 kg",
        "unitPrice": "$5.95 / 100g",
        "link": "https://voila.ca/products/977846KG"
      },
      {
        "store": "Sobeys_Beef",
        "title": "Certified Angus Beef Rib Steak Cap Off",
        "imageUrl": "https://voila.ca/images-v3/2d92d19c-0354-49c0-8a91-5260ed0bf531/22a7ed02-e7f3-4087-97b3-4c76cf6e9841/300x300.jpg",
        "price": "$41.21",
        "unitSize": "0.85 kg",
        "unitPrice": "$4.85 / 100g",
        "link": "https://voila.ca/products/20417KG"
      },
      {
        "store": "Sobeys_Beef",
        "title": "Longo's Certified Angus Beef Rib Steak Boneless",
        "imageUrl": "https://voila.ca/images-v3/2d92d19c-0354-49c0-8a91-5260ed0bf531/f1795ef9-488c-419d-8e60-591dc017a4ec/300x300.jpg",
        "price": "$28.76",
        "unitSize": "0.45 kg",
        "unitPrice": "$6.39 / 100g",
        "link": "https://voila.ca/products/32760KG"
      },
      {
        "store": "Sobeys_Beef",
        "title": "Certified Angus Beef Flank Steak",
        "imageUrl": "https://voila.ca/images-v3/2d92d19c-0354-49c0-8a91-5260ed0bf531/18fb6545-9bbe-4cb2-903b-a5d00b2c08ce/300x300.jpg",
        "price": "$33.49",
        "unitSize": "0.95 kg",
        "unitPrice": "$3.53 / 100g",
        "link": "https://voila.ca/products/20364KG"
      },
      {
        "store": "Sobeys_Beef",
        "title": "Certified Angus Beef Striploin Medallion",
        "imageUrl": "https://voila.ca/images-v3/2d92d19c-0354-49c0-8a91-5260ed0bf531/e8c9ba08-cfd4-44e3-93c1-127775576917/300x300.jpg",
        "price": "$32.40",
        "unitSize": "0.525 kg",
        "unitPrice": "$6.17 / 100g",
        "link": "https://voila.ca/products/20409KG"
      },
      {
        "store": "Sobeys_Beef",
        "title": "Organic Beef Steak Tenderloin",
        "imageUrl": "https://voila.ca/images-v3/2d92d19c-0354-49c0-8a91-5260ed0bf531/e49536f7-ca82-46ee-9402-573cae10bed4/300x300.jpg",
        "price": "$20.82",
        "unitSize": "0.175 kg",
        "unitPrice": "$11.90 / 100g",
        "link": "https://voila.ca/products/20467KG"
      },
      {
        "store": "Sobeys_Beef",
        "title": "Certified Angus Beef Tenderloin Steak",
        "imageUrl": "https://voila.ca/images-v3/2d92d19c-0354-49c0-8a91-5260ed0bf531/fbc801b0-5a75-4de0-9250-2bebe8af1aef/300x300.jpg",
        "price": "$37.19",
        "unitSize": "0.375 kg",
        "unitPrice": "$9.92 / 100g",
        "link": "https://voila.ca/products/20683KG"
      },
      {
        "store": "Sobeys_Beef",
        "title": "Grass-Fed Beef Ribeye Steak",
        "imageUrl": "https://voila.ca/images-v3/2d92d19c-0354-49c0-8a91-5260ed0bf531/2531b8f5-c657-4004-848c-f9480c38bcc1/300x300.jpg",
        "price": "$24.60",
        "unitSize": "0.3 kg",
        "unitPrice": "$8.20 / 100g",
        "link": "https://voila.ca/products/20461KG"
      },
      {
        "store": "Sobeys_Beef",
        "title": "Grass-Fed Beef Tenderloin Steak",
        "imageUrl": "https://voila.ca/images-v3/2d92d19c-0354-49c0-8a91-5260ed0bf531/3aa2625c-a84b-4dc6-b16f-71497ac10e3d/300x300.jpg",
        "price": "$20.82",
        "unitSize": "0.175 kg",
        "unitPrice": "$11.90 / 100g",
        "link": "https://voila.ca/products/20459KG"
      },
      {
        "store": "Sobeys_Beef",
        "title": "Organic Beef Top Sirloin Steak",
        "imageUrl": "https://voila.ca/images-v3/2d92d19c-0354-49c0-8a91-5260ed0bf531/4aca44b8-7bb9-4393-a398-3c0ddad351a0/300x300.jpg",
        "price": "$16.21",
        "unitSize": "0.235 kg",
        "unitPrice": "$6.90 / 100g",
        "link": "https://voila.ca/products/20465KG"
      },
      {
        "store": "Sobeys_Beef",
        "title": "Grass-Fed Beef Striploin Steak",
        "imageUrl": "https://voila.ca/images-v3/2d92d19c-0354-49c0-8a91-5260ed0bf531/b834eff2-b8d9-41ff-bc0f-b4f96b4cf265/300x300.jpg",
        "price": "$20.50",
        "unitSize": "0.25 kg",
        "unitPrice": "$8.20 / 100g",
        "link": "https://voila.ca/products/20460KG"
      },
      {
        "store": "Sobeys_Beef",
        "title": "Grass-Fed Beef Top Sirloin Steak",
        "imageUrl": "https://voila.ca/images-v3/2d92d19c-0354-49c0-8a91-5260ed0bf531/c8c2bb98-d991-4568-ae5f-0795944bd5a2/300x300.jpg",
        "price": "$15.07",
        "unitSize": "0.225 kg",
        "unitPrice": "$6.70 / 100g",
        "link": "https://voila.ca/products/20458KG"
      },
      {
        "store": "Sobeys_Beef",
        "title": "Sterling Silver Beef Sirloin Tip Roast Boneless",
        "imageUrl": "https://voila.ca/images-v3/2d92d19c-0354-49c0-8a91-5260ed0bf531/a8b7fb2a-9b10-4b18-8843-77ff094a97b5/300x300.jpg",
        "price": "$23.79",
        "unitSize": "0.9 kg",
        "unitPrice": "$2.64 / 100g",
        "link": "https://voila.ca/products/587897KG"
      }
    ],
    [
      {
        "store": "Sobeys_Chicken",
        "title": "Chicken Breasts Boneless Skinless Value Pack 3 - 6 Pieces",
        "imageUrl": "https://voila.ca/images-v3/2d92d19c-0354-49c0-8a91-5260ed0bf531/19b44c08-2dc7-4724-b039-86c0fa2a2894/300x300.jpg",
        "price": "$19.46",
        "unitSize": "0.95 kg",
        "unitPrice": "$2.05 / 100g",
        "link": "https://voila.ca/products/218807KG"
      },
      {
        "store": "Sobeys_Chicken",
        "title": "Boneless Skinless Chicken Breasts Raised Without Antibiotics",
        "imageUrl": "https://voila.ca/images-v3/2d92d19c-0354-49c0-8a91-5260ed0bf531/45a5b55a-50c4-49a2-acdb-082a367d2b6b/300x300.jpg",
        "price": "$12.00",
        "unitSize": "470 g",
        "unitPrice": "$2.55 / 100g",
        "link": "https://voila.ca/products/15250EA"
      },
      {
        "store": "Sobeys_Chicken",
        "title": "Chicken Breasts Thinly Sliced Boneless Skinless Value Pack 5 Pieces",
        "imageUrl": "https://voila.ca/images-v3/2d92d19c-0354-49c0-8a91-5260ed0bf531/2241d283-9716-46cd-a60c-c67a4197a1a1/300x300.jpg",
        "price": "$13.33",
        "unitSize": "0.55 kg",
        "unitPrice": "$2.42 / 100g",
        "link": "https://voila.ca/products/397920KG"
      },
      {
        "store": "Sobeys_Chicken",
        "title": "Chicken Thighs Boneless Skinless Value Size (6-9 Pieces)",
        "imageUrl": "https://voila.ca/images-v3/2d92d19c-0354-49c0-8a91-5260ed0bf531/d097cce9-765b-4d31-8b3c-48dcbfdf7cce/300x300.jpg",
        "price": "$18.35",
        "unitSize": "0.98 900",
        "unitPrice": "$18.72 / each",
        "link": "https://voila.ca/products/218947KG"
      },
      {
        "store": "Sobeys_Chicken",
        "title": "Chicken Drumsticks Value Pack 8 - 10 Pieces",
        "imageUrl": "https://voila.ca/images-v3/2d92d19c-0354-49c0-8a91-5260ed0bf531/7472babb-c6cb-4323-82fd-54b15d33682a/300x300.jpg",
        "price": "$9.21 ($10.23)",
        "unitSize": "0.93 kg",
        "unitPrice": "$0.99 / 100g",
        "link": "https://voila.ca/products/218953KG"
      },
      {
        "store": "Sobeys_Chicken",
        "title": "Chicken Thighs Boneless Skinless 4 - 6 Pieces",
        "imageUrl": "https://voila.ca/images-v3/2d92d19c-0354-49c0-8a91-5260ed0bf531/e24b434c-4a6e-41d4-a681-3a8267d9c455/300x300.jpg",
        "price": "$8.89",
        "unitSize": "0.425 kg",
        "unitPrice": "$2.09 / 100g",
        "link": "https://voila.ca/products/218786KG"
      },
      {
        "store": "Sobeys_Chicken",
        "title": "Chicken Breasts Boneless Skinless 2 Pieces",
        "imageUrl": "https://voila.ca/images-v3/2d92d19c-0354-49c0-8a91-5260ed0bf531/f08a37e1-0f48-471e-93cf-07c3caa22b9f/300x300.jpg",
        "price": "$10.21",
        "unitSize": "0.45 kg",
        "unitPrice": "$2.27 / 100g",
        "link": "https://voila.ca/products/218802KG"
      },
      {
        "store": "Sobeys_Chicken",
        "title": "Naturally Simple Boneless Skinless Chicken Thighs 6 Thighs",
        "imageUrl": "https://voila.ca/images-v3/2d92d19c-0354-49c0-8a91-5260ed0bf531/5b8f8359-4511-4871-bb5c-b49e0f4c5d1a/300x300.jpg",
        "price": "$12.12",
        "unitSize": "0.5 kg",
        "unitPrice": "$2.42 / 100g",
        "link": "https://voila.ca/products/587642KG"
      },
      {
        "store": "Sobeys_Chicken",
        "title": "Chicken Breast Fillets Boneless Skinless Value Pack 10-15 Pieces",
        "imageUrl": "https://voila.ca/images-v3/2d92d19c-0354-49c0-8a91-5260ed0bf531/4baba7e0-eebd-483f-9215-c375cda3f5a0/300x300.jpg",
        "price": "$14.31",
        "unitSize": "0.575 kg",
        "unitPrice": "$2.49 / 100g",
        "link": "https://voila.ca/products/218800KG"
      },
      {
        "store": "Sobeys_Chicken",
        "title": "Split Chicken Wings Value Pack 13 - 18 Pieces",
        "imageUrl": "https://voila.ca/images-v3/2d92d19c-0354-49c0-8a91-5260ed0bf531/00946267-8f92-4d28-b448-519b8d934905/300x300.jpg",
        "price": "$12.79",
        "unitSize": "0.83 kg",
        "unitPrice": "$1.54 / 100g",
        "link": "https://voila.ca/products/350192KG"
      },
      {
        "store": "Sobeys_Chicken",
        "title": "Chicken Thighs Value Pack 6 - 9 Pieces",
        "imageUrl": "https://voila.ca/images-v3/2d92d19c-0354-49c0-8a91-5260ed0bf531/99b83e54-05b1-4ceb-a530-46641f3c3cd4/300x300.jpg",
        "price": "$13.71",
        "unitSize": "1.038 kg",
        "unitPrice": "$1.32 / 100g",
        "link": "https://voila.ca/products/218957KG"
      },
      {
        "store": "Sobeys_Chicken",
        "title": "Whole Chicken Grade A",
        "imageUrl": "https://voila.ca/images-v3/2d92d19c-0354-49c0-8a91-5260ed0bf531/15fafa34-3015-4ff8-9e7a-7cf4f8765372/300x300.jpg",
        "price": "$19.25",
        "unitSize": "1.75 kg",
        "unitPrice": "$1.10 / 100g",
        "link": "https://voila.ca/products/218890KG"
      },
      {
        "store": "Sobeys_Chicken",
        "title": "Ground Chicken Extra Lean",
        "imageUrl": "https://voila.ca/images-v3/2d92d19c-0354-49c0-8a91-5260ed0bf531/fae1b045-866c-4e63-a29e-b5060e7f40eb/300x300.jpg",
        "price": "$5.99",
        "unitSize": "450 g",
        "unitPrice": "$1.33 / 100g",
        "link": "https://voila.ca/products/849411EA"
      },
      {
        "store": "Sobeys_Chicken",
        "title": "Naturally Simple Chicken Breasts Boneless Skinless Value Pack 4 Breasts",
        "imageUrl": "https://voila.ca/images-v3/2d92d19c-0354-49c0-8a91-5260ed0bf531/173b92c6-1700-4506-bb16-2c9765bbc750/300x300.jpg",
        "price": "$23.13",
        "unitSize": "1 kg",
        "unitPrice": "$2.31 / 100g",
        "link": "https://voila.ca/products/585104KG"
      },
      {
        "store": "Sobeys_Chicken",
        "title": "Naturally Simple Extra Lean Ground Chicken",
        "imageUrl": "https://voila.ca/images-v3/2d92d19c-0354-49c0-8a91-5260ed0bf531/348c39cb-24b1-4d29-8cc4-15623c8edcb3/300x300.jpg",
        "price": "$6.99",
        "unitSize": "454 g",
        "unitPrice": "$1.54 / 100g",
        "link": "https://voila.ca/products/429732EA"
      },
      {
        "store": "Sobeys_Chicken",
        "title": "Bone-in Chicken Thighs Raised Without Antibiotics",
        "imageUrl": "https://voila.ca/images-v3/2d92d19c-0354-49c0-8a91-5260ed0bf531/1705f0a6-b470-47c5-86a0-ea9eae033d9a/300x300.jpg",
        "price": "$10.00",
        "unitSize": "906 g",
        "unitPrice": "$1.10 / 100g",
        "link": "https://voila.ca/products/15233EA"
      },
      {
        "store": "Sobeys_Chicken",
        "title": "Chicken Drumsticks Raised Without Antibiotics",
        "imageUrl": "https://voila.ca/images-v3/2d92d19c-0354-49c0-8a91-5260ed0bf531/31603ed1-ef5e-4cb5-82a9-cc47dcdfee48/300x300.jpg",
        "price": "$10.00",
        "unitSize": "860 g",
        "unitPrice": "$1.16 / 100g",
        "link": "https://voila.ca/products/15454EA"
      },
      {
        "store": "Sobeys_Chicken",
        "title": "Boneless Skinless Chicken Breasts Raised Without Antibiotics",
        "imageUrl": "https://voila.ca/images-v3/2d92d19c-0354-49c0-8a91-5260ed0bf531/eea48d09-9427-491c-a9fd-01bc35175f71/300x300.jpg",
        "price": "$23.00",
        "unitSize": "948 g",
        "unitPrice": "$2.43 / 100g",
        "link": "https://voila.ca/products/15406EA"
      },
      {
        "store": "Sobeys_Chicken",
        "title": "Halal Chicken Breasts Boneless Skinless 4 Pieces",
        "imageUrl": "https://voila.ca/images-v3/2d92d19c-0354-49c0-8a91-5260ed0bf531/bba3dc75-0153-4a90-b118-8b46a48e30a7/300x300.jpg",
        "price": "$14.00",
        "unitSize": "948 g",
        "unitPrice": "$1.48 / 100g",
        "link": "https://voila.ca/products/4018EA"
      },
      {
        "store": "Sobeys_Chicken",
        "title": "Boneless Skinless Chicken Breast Fillets Raised Without Antibiotics",
        "imageUrl": "https://voila.ca/images-v3/2d92d19c-0354-49c0-8a91-5260ed0bf531/f121eea9-7191-4da4-8297-0fb0a55b0cb6/300x300.jpg",
        "price": "$15.00",
        "unitSize": "506 g",
        "unitPrice": "$2.96 / 100g",
        "link": "https://voila.ca/products/15260EA"
      },
      {
        "store": "Sobeys_Chicken",
        "title": "Boneless Skinless Chicken Thighs Raised Without Antibiotics",
        "imageUrl": "https://voila.ca/images-v3/2d92d19c-0354-49c0-8a91-5260ed0bf531/2a0f955a-1b63-4d09-89eb-294ef8b7ee56/300x300.jpg",
        "price": "$18.00",
        "unitSize": "735 g",
        "unitPrice": "$2.45 / 100g",
        "link": "https://voila.ca/products/15256EA"
      },
      {
        "store": "Sobeys_Chicken",
        "title": "Whole Chicken Raised Without Antibiotics",
        "imageUrl": "https://voila.ca/images-v3/2d92d19c-0354-49c0-8a91-5260ed0bf531/c8845685-f924-4a1b-9c68-25fe72de4406/300x300.jpg",
        "price": "$20.00",
        "unitSize": "1.7 kg",
        "unitPrice": "$1.18 / 100g",
        "link": "https://voila.ca/products/15237EA"
      },
      {
        "store": "Sobeys_Chicken",
        "title": "Sliced Boneless Skinless Chicken Breasts Raised Without Antibiotics",
        "imageUrl": "https://voila.ca/images-v3/2d92d19c-0354-49c0-8a91-5260ed0bf531/39ef6aea-5087-4f3e-80b9-a22c4b63ae81/300x300.jpg",
        "price": "$19.00",
        "unitSize": "590 g",
        "unitPrice": "$3.22 / 100g",
        "link": "https://voila.ca/products/15221EA"
      },
      {
        "store": "Sobeys_Chicken",
        "title": "Chicken Drumsticks Raised Without Antibiotics",
        "imageUrl": "https://voila.ca/images-v3/2d92d19c-0354-49c0-8a91-5260ed0bf531/73a6a352-1c2b-4fe7-95da-29e4a18238ca/300x300.jpg",
        "price": "$8.00",
        "unitSize": "540 g",
        "unitPrice": "$1.48 / 100g",
        "link": "https://voila.ca/products/15235EA"
      },
      {
        "store": "Sobeys_Chicken",
        "title": "Split Chicken Wings Raised Without Antibiotics",
        "imageUrl": "https://voila.ca/images-v3/2d92d19c-0354-49c0-8a91-5260ed0bf531/f5700ab5-977e-4148-bf9b-cd1c0c4bcee3/300x300.jpg",
        "price": "$15.00",
        "unitSize": "720 g",
        "unitPrice": "$2.08 / 100g",
        "link": "https://voila.ca/products/15247EA"
      },
      {
        "store": "Sobeys_Chicken",
        "title": "Bone-in Chicken Thighs Raised Without Antibiotics",
        "imageUrl": "https://voila.ca/images-v3/2d92d19c-0354-49c0-8a91-5260ed0bf531/a356c51b-3f8f-44e1-9951-313de0b2c2fb/300x300.jpg",
        "price": "$8.00",
        "unitSize": "604 g",
        "unitPrice": "$1.32 / 100g",
        "link": "https://voila.ca/products/15219EA"
      },
      {
        "store": "Sobeys_Chicken",
        "title": "Organic Chicken Breast Fillet",
        "imageUrl": "https://voila.ca/images-v3/2d92d19c-0354-49c0-8a91-5260ed0bf531/86157643-dcdd-4025-82e9-8d43fc430b6d/300x300.jpg",
        "price": "$12.60",
        "unitSize": "0.3 kg",
        "unitPrice": "$4.20 / 100g",
        "link": "https://voila.ca/products/20419KG"
      },
      {
        "store": "Sobeys_Chicken",
        "title": "Organic Chicken Breast Boneless",
        "imageUrl": "https://voila.ca/images-v3/2d92d19c-0354-49c0-8a91-5260ed0bf531/d7dcf8b1-970f-4fa1-bad7-aaf9c5ad5650/300x300.jpg",
        "price": "$18.05",
        "unitSize": "0.475 kg",
        "unitPrice": "$3.80 / 100g",
        "link": "https://voila.ca/products/20401KG"
      },
      {
        "store": "Sobeys_Chicken",
        "title": "Organic Chicken Breast Scaloppini",
        "imageUrl": "https://voila.ca/images-v3/2d92d19c-0354-49c0-8a91-5260ed0bf531/bac52dba-30e1-4236-8e2d-540c488e5998/300x300.jpg",
        "price": "$21.00",
        "unitSize": "0.5 kg",
        "unitPrice": "$4.20 / 100g",
        "link": "https://voila.ca/products/20602KG"
      },
      {
        "store": "Sobeys_Chicken",
        "title": "Smoked Chicken Breast",
        "imageUrl": "https://voila.ca/images-v3/2d92d19c-0354-49c0-8a91-5260ed0bf531/eff844d8-8a6e-4c9b-9a4d-f229a0ef5620/300x300.jpg",
        "price": "$5.00",
        "unitSize": "125 g",
        "unitPrice": "$4.00 / 100g",
        "link": "https://voila.ca/products/863409EA"
      },
      {
        "store": "Sobeys_Chicken",
        "title": "Original Flame Grilled Chicken Breast Strips",
        "imageUrl": "https://voila.ca/images-v3/2d92d19c-0354-49c0-8a91-5260ed0bf531/92dd91a1-406b-4009-9a0b-459aea3202f8/300x300.jpg",
        "price": "$7.99",
        "unitSize": "200 g",
        "unitPrice": "$4.00 / 100g",
        "link": "https://voila.ca/products/643677EA"
      },
      {
        "store": "Sobeys_Chicken",
        "title": "Organic Whole Chicken",
        "imageUrl": "https://voila.ca/images-v3/2d92d19c-0354-49c0-8a91-5260ed0bf531/40452653-36f6-4b79-ac02-0372fba97e17/300x300.jpg",
        "price": "$19.82",
        "unitSize": "1.5 1.3",
        "unitPrice": "$13.21 / each",
        "link": "https://voila.ca/products/587643KG"
      },
      {
        "store": "Sobeys_Chicken",
        "title": "Halal Whole Chicken",
        "imageUrl": "https://voila.ca/images-v3/2d92d19c-0354-49c0-8a91-5260ed0bf531/219b1d96-68cc-4a59-8aad-3433b1a7de3f/300x300.jpg",
        "price": "$16.00",
        "unitSize": "1.7 kg",
        "unitPrice": "$0.94 / 100g",
        "link": "https://voila.ca/products/4089EA"
      },
      {
        "store": "Sobeys_Chicken",
        "title": "Organic Whole Chicken",
        "imageUrl": "https://voila.ca/images-v3/2d92d19c-0354-49c0-8a91-5260ed0bf531/79bac5fe-eb95-4e91-b334-b77fe1948efc/300x300.jpg",
        "price": "$25.58",
        "unitSize": "1.6 kg",
        "unitPrice": "$1.60 / 100g",
        "link": "https://voila.ca/products/20400KG"
      },
      {
        "store": "Sobeys_Chicken",
        "title": "Halal Chicken Thighs Value Pack",
        "imageUrl": "https://voila.ca/images-v3/2d92d19c-0354-49c0-8a91-5260ed0bf531/4669e516-2711-4757-9a33-c9ebd4938ec1/300x300.jpg",
        "price": "$16.00",
        "unitSize": "1.812 kg",
        "unitPrice": "$0.88 / 100g",
        "link": "https://voila.ca/products/4014EA"
      },
      {
        "store": "Sobeys_Chicken",
        "title": "Chicken Leg Quarters Value Size 3-5 Pieces",
        "imageUrl": "https://voila.ca/images-v3/2d92d19c-0354-49c0-8a91-5260ed0bf531/678e6482-8ae8-4818-aae4-7e14c0eb7188/300x300.jpg",
        "price": "$15.68",
        "unitSize": "1.425 kg",
        "unitPrice": "$1.10 / 100g",
        "link": "https://voila.ca/products/375628KG"
      },
      {
        "store": "Sobeys_Chicken",
        "title": "Halal Chicken Thighs Boneless Skinless 8 Pieces",
        "imageUrl": "https://voila.ca/images-v3/2d92d19c-0354-49c0-8a91-5260ed0bf531/613e84e8-4a9c-443f-84d3-de6cd3f37d2b/300x300.jpg",
        "price": "$12.00",
        "unitSize": "736 g",
        "unitPrice": "$1.63 / 100g",
        "link": "https://voila.ca/products/3983EA"
      },
      {
        "store": "Sobeys_Chicken",
        "title": "Halal Chicken Drumsticks Value Pack",
        "imageUrl": "https://voila.ca/images-v3/2d92d19c-0354-49c0-8a91-5260ed0bf531/1169a47b-4514-4177-98d6-042595e8f39a/300x300.jpg",
        "price": "$16.00",
        "unitSize": "1.728 kg",
        "unitPrice": "$0.93 / 100g",
        "link": "https://voila.ca/products/4022EA"
      },
      {
        "store": "Sobeys_Chicken",
        "title": "Organic Chicken Thighs",
        "imageUrl": "https://voila.ca/images-v3/2d92d19c-0354-49c0-8a91-5260ed0bf531/a09b2fe7-b661-4af6-95b1-74b157e50e12/300x300.jpg",
        "price": "$9.00",
        "unitSize": "0.45 kg",
        "unitPrice": "$2.00 / 100g",
        "link": "https://voila.ca/products/20402KG"
      },
      {
        "store": "Sobeys_Chicken",
        "title": "Halal Chicken Leg Quarters",
        "imageUrl": "https://voila.ca/images-v3/2d92d19c-0354-49c0-8a91-5260ed0bf531/dacf598d-db1b-4004-b29f-092102a0b08c/300x300.jpg",
        "price": "$13.00",
        "unitSize": "1.4 kg",
        "unitPrice": "$0.93 / 100g",
        "link": "https://voila.ca/products/4079EA"
      },
      {
        "store": "Sobeys_Chicken",
        "title": "Organic Chicken Thighs Boneless",
        "imageUrl": "https://voila.ca/images-v3/2d92d19c-0354-49c0-8a91-5260ed0bf531/2520945b-6fd7-4ff9-8ccc-2072b222966a/300x300.jpg",
        "price": "$14.72",
        "unitSize": "0.475 kg",
        "unitPrice": "$3.10 / 100g",
        "link": "https://voila.ca/products/20403KG"
      },
      {
        "store": "Sobeys_Chicken",
        "title": "Organic Chicken Drumsticks",
        "imageUrl": "https://voila.ca/images-v3/2d92d19c-0354-49c0-8a91-5260ed0bf531/0f20fa1c-9063-495d-8933-a5d90998a220/300x300.jpg",
        "price": "$9.50",
        "unitSize": "0.475 kg",
        "unitPrice": "$2.00 / 100g",
        "link": "https://voila.ca/products/20601KG"
      },
      {
        "store": "Sobeys_Chicken",
        "title": "Organic Chicken Thighs",
        "imageUrl": "https://voila.ca/images-v3/2d92d19c-0354-49c0-8a91-5260ed0bf531/6fbedbb5-e36a-43c0-9733-47abd7710586/300x300.jpg",
        "price": "$16.99",
        "unitSize": "1 kg",
        "unitPrice": "$1.70 / 100g",
        "link": "https://voila.ca/products/18651EA"
      },
      {
        "store": "Sobeys_Chicken",
        "title": "Organic Chicken Split Wings",
        "imageUrl": "https://voila.ca/images-v3/2d92d19c-0354-49c0-8a91-5260ed0bf531/c9b8362a-c53e-475b-8e91-74f17254fc84/300x300.jpg",
        "price": "$18.69",
        "unitSize": "0.85 kg",
        "unitPrice": "$2.20 / 100g",
        "link": "https://voila.ca/products/20429KG"
      },
      {
        "store": "Sobeys_Chicken",
        "title": "Natural Shredded Chicken",
        "imageUrl": "https://voila.ca/images-v3/2d92d19c-0354-49c0-8a91-5260ed0bf531/150d55a7-8602-4bbe-8f6e-595bd11352c4/300x300.jpg",
        "price": "$9.99",
        "unitSize": "250 g",
        "unitPrice": "$4.00 / 100g",
        "link": "https://voila.ca/products/609778EA"
      },
      {
        "store": "Sobeys_Chicken",
        "title": "Chicken Ground Extra Lean Raised Without Antibiotics",
        "imageUrl": "https://voila.ca/images-v3/2d92d19c-0354-49c0-8a91-5260ed0bf531/45d6e5b7-ff6c-466d-ad39-1aa406fc82a3/300x300.jpg",
        "price": "$7.99",
        "unitSize": "454 g",
        "unitPrice": "$1.76 / 100g",
        "link": "https://voila.ca/products/622630EA"
      },
      {
        "store": "Sobeys_Chicken",
        "title": "Halal Chicken Ground Extra Lean",
        "imageUrl": "https://voila.ca/images-v3/2d92d19c-0354-49c0-8a91-5260ed0bf531/d3786eaf-344d-4342-a185-e0755a2fe245/300x300.jpg",
        "price": "$9.00",
        "unitSize": "454 g",
        "unitPrice": "$1.98 / 100g",
        "link": "https://voila.ca/products/354731EA"
      },
      {
        "store": "Sobeys_Chicken",
        "title": "Organic Ground Chicken Extra Lean",
        "imageUrl": "https://voila.ca/images-v3/2d92d19c-0354-49c0-8a91-5260ed0bf531/d124be80-fa0b-4f07-9bf6-569c37e87639/300x300.jpg",
        "price": "$12.99",
        "unitSize": "454 g",
        "unitPrice": "$2.86 / 100g",
        "link": "https://voila.ca/products/935066EA"
      },
      {
        "store": "Sobeys_Chicken",
        "title": "Fully Cooked Frozen Chicken Breast Strips Pub Style",
        "imageUrl": "https://voila.ca/images-v3/2d92d19c-0354-49c0-8a91-5260ed0bf531/30a559f8-9c0a-421b-9b38-17c7bf6bd79d/300x300.jpg",
        "price": "$9.99 ($15.99)",
        "unitSize": "700 g",
        "unitPrice": "$1.43 / 100g",
        "link": "https://voila.ca/products/401820EA"
      },
      {
        "store": "Sobeys_Chicken",
        "title": "Frozen Chicken Strips Raised Without Antibiotics",
        "imageUrl": "https://voila.ca/images-v3/2d92d19c-0354-49c0-8a91-5260ed0bf531/9745e3de-02da-4e5a-b226-cc78ce49de89/300x300.jpg",
        "price": "$13.99 ($15.99)",
        "unitSize": "560 g",
        "unitPrice": "$2.50 / 100g",
        "link": "https://voila.ca/products/729007EA"
      }
    ],
    [
      {
        "store": "Sobeys_Pork",
        "title": "Pork Ground Lean",
        "imageUrl": "https://voila.ca/images-v3/2d92d19c-0354-49c0-8a91-5260ed0bf531/b909f4a0-087a-4511-89d2-08d1facd4683/300x300.jpg",
        "price": "$5.99",
        "unitSize": "454 g",
        "unitPrice": "$1.32 / 100g",
        "link": "https://voila.ca/products/586022EA"
      },
      {
        "store": "Sobeys_Pork",
        "title": "Pork Loin Centre Cut Sirloin Rib Chops Bone In",
        "imageUrl": "https://voila.ca/images-v3/2d92d19c-0354-49c0-8a91-5260ed0bf531/296ac5c3-304a-4829-a4a8-5aca710928f2/300x300.jpg",
        "price": "$14.52",
        "unitSize": "1.2 kg",
        "unitPrice": "$1.21 / 100g",
        "link": "https://voila.ca/products/858025KG"
      },
      {
        "store": "Sobeys_Pork",
        "title": "Pork Chops Center Cut Boneless 4 Pack",
        "imageUrl": "https://voila.ca/images-v3/2d92d19c-0354-49c0-8a91-5260ed0bf531/07824fcd-ddc9-423c-99b2-ade207dfb0eb/300x300.jpg",
        "price": "$7.04",
        "unitSize": "0.4 kg",
        "unitPrice": "$1.76 / 100g",
        "link": "https://voila.ca/products/587928KG"
      },
      {
        "store": "Sobeys_Pork",
        "title": "Pork Tenderloins 2 Pack",
        "imageUrl": "https://voila.ca/images-v3/2d92d19c-0354-49c0-8a91-5260ed0bf531/b9e1314d-0103-4afb-a1ae-ff60bed2859f/300x300.jpg",
        "price": "$15.93 ($23.78)",
        "unitSize": "1.2 kg",
        "unitPrice": "$1.33 / 100g",
        "link": "https://voila.ca/products/587913KG"
      },
      {
        "store": "Sobeys_Pork",
        "title": "Pork Loin Center Roast Boneless",
        "imageUrl": "https://voila.ca/images-v3/2d92d19c-0354-49c0-8a91-5260ed0bf531/3763c497-ea7c-4181-b563-7a97db1402ec/300x300.jpg",
        "price": "$10.98 ($19.26)",
        "unitSize": "1.25 kg",
        "unitPrice": "$0.88 / 100g",
        "link": "https://voila.ca/products/587947KG"
      },
      {
        "store": "Sobeys_Pork",
        "title": "Center Pork Loin Chop Boneless Fast fry",
        "imageUrl": "https://voila.ca/images-v3/2d92d19c-0354-49c0-8a91-5260ed0bf531/27a3120b-9fd0-4673-a031-83d368db6fed/300x300.jpg",
        "price": "$8.48",
        "unitSize": "0.55 kg",
        "unitPrice": "$1.54 / 100g",
        "link": "https://voila.ca/products/20578KG"
      },
      {
        "store": "Sobeys_Pork",
        "title": "Pork Sirloin Roast",
        "imageUrl": "https://voila.ca/images-v3/2d92d19c-0354-49c0-8a91-5260ed0bf531/f823d367-c6f7-469e-ae4b-427517658ab9/300x300.jpg",
        "price": "$12.98",
        "unitSize": "1.475 kg",
        "unitPrice": "$0.88 / 100g",
        "link": "https://voila.ca/products/20579KG"
      },
      {
        "store": "Sobeys_Pork",
        "title": "Pork Loin Chop Boneless Garlic & Herb",
        "imageUrl": "https://voila.ca/images-v3/2d92d19c-0354-49c0-8a91-5260ed0bf531/02b5ebfa-29a8-4d76-8b5e-2a6ca0662947/300x300.jpg",
        "price": "$5.99",
        "unitSize": "300 g",
        "unitPrice": "$2.00 / 100g",
        "link": "https://voila.ca/products/970175EA"
      },
      {
        "store": "Sobeys_Pork",
        "title": "Pork Back Ribs Single",
        "imageUrl": "https://voila.ca/images-v3/2d92d19c-0354-49c0-8a91-5260ed0bf531/e10e436d-bc0f-44e5-a7d8-24d44a2409f8/300x300.jpg",
        "price": "$13.21",
        "unitSize": "0.6 kg",
        "unitPrice": "$2.20 / 100g",
        "link": "https://voila.ca/products/587909KG"
      },
      {
        "store": "Sobeys_Pork",
        "title": "Pork Rib Chops Boneless",
        "imageUrl": "https://voila.ca/images-v3/2d92d19c-0354-49c0-8a91-5260ed0bf531/990582df-f81e-446a-93ad-807dcca41057/300x300.jpg",
        "price": "$6.61",
        "unitSize": "0.5 kg",
        "unitPrice": "$1.32 / 100g",
        "link": "https://voila.ca/products/20348KG"
      },
      {
        "store": "Sobeys_Pork",
        "title": "Pork Rib Chops",
        "imageUrl": "https://voila.ca/images-v3/2d92d19c-0354-49c0-8a91-5260ed0bf531/fda07283-a8a8-44e0-bc35-a3cad6d306d3/300x300.jpg",
        "price": "$6.88",
        "unitSize": "0.625 kg",
        "unitPrice": "$1.10 / 100g",
        "link": "https://voila.ca/products/20350KG"
      },
      {
        "store": "Sobeys_Pork",
        "title": "Pork Tenderloin",
        "imageUrl": "https://voila.ca/images-v3/2d92d19c-0354-49c0-8a91-5260ed0bf531/7fa7f250-4994-49ca-932b-2572c829bce8/300x300.jpg",
        "price": "$6.60",
        "unitSize": "0.375 kg",
        "unitPrice": "$1.76 / 100g",
        "link": "https://voila.ca/products/20358KG"
      },
      {
        "store": "Sobeys_Pork",
        "title": "Pork Loin Chops Center Cut",
        "imageUrl": "https://voila.ca/images-v3/2d92d19c-0354-49c0-8a91-5260ed0bf531/6abab645-8268-4c72-9501-a553293c2174/300x300.jpg",
        "price": "$8.59",
        "unitSize": "0.65 kg",
        "unitPrice": "$1.32 / 100g",
        "link": "https://voila.ca/products/20576KG"
      },
      {
        "store": "Sobeys_Pork",
        "title": "Pork Loin Roast Garlic & Herb",
        "imageUrl": "https://voila.ca/images-v3/2d92d19c-0354-49c0-8a91-5260ed0bf531/2d269ff7-4ffb-4c29-85c8-bf7c12d9dc4c/300x300.jpg",
        "price": "$13.99",
        "unitSize": "800 g",
        "unitPrice": "$1.75 / 100g",
        "link": "https://voila.ca/products/970180EA"
      },
      {
        "store": "Sobeys_Pork",
        "title": "Pork Rib Roast",
        "imageUrl": "https://voila.ca/images-v3/2d92d19c-0354-49c0-8a91-5260ed0bf531/12440534-6bec-43b9-8698-1bf776b5c08e/300x300.jpg",
        "price": "$14.74",
        "unitSize": "1.675 kg",
        "unitPrice": "$0.88 / 100g",
        "link": "https://voila.ca/products/20353KG"
      },
      {
        "store": "Sobeys_Pork",
        "title": "Pork Loin Chops Center Cut Fast Fry",
        "imageUrl": "https://voila.ca/images-v3/2d92d19c-0354-49c0-8a91-5260ed0bf531/0257bbdf-1e37-4353-9066-b2fad7c01f27/300x300.jpg",
        "price": "$9.63",
        "unitSize": "0.625 kg",
        "unitPrice": "$1.54 / 100g",
        "link": "https://voila.ca/products/20349KG"
      },
      {
        "store": "Sobeys_Pork",
        "title": "Longo's Pork Loin Cutlets Boneless",
        "imageUrl": "https://voila.ca/images-v3/2d92d19c-0354-49c0-8a91-5260ed0bf531/c19cebab-c073-4373-93a3-00237de64bd5/300x300.jpg",
        "price": "$3.54",
        "unitSize": "0.23 kg",
        "unitPrice": "$1.54 / 100g",
        "link": "https://voila.ca/products/32728KG"
      },
      {
        "store": "Sobeys_Pork",
        "title": "Pork Loin Chop Boneless Bourbon BBQ",
        "imageUrl": "https://voila.ca/images-v3/2d92d19c-0354-49c0-8a91-5260ed0bf531/0fddd58a-ba57-4fc4-95b9-bb24ead616c8/300x300.jpg",
        "price": "$5.99",
        "unitSize": "300 g",
        "unitPrice": "$2.00 / 100g",
        "link": "https://voila.ca/products/970174EA"
      },
      {
        "store": "Sobeys_Pork",
        "title": "Pork Tenderloin Raised Without Antibiotics",
        "imageUrl": "https://voila.ca/images-v3/2d92d19c-0354-49c0-8a91-5260ed0bf531/a3cb6ecf-fc82-407a-b643-540bf8b83870/300x300.jpg",
        "price": "$9.69",
        "unitSize": "0.4 1",
        "unitPrice": "$24.22 / each",
        "link": "https://voila.ca/products/20599KG"
      },
      {
        "store": "Sobeys_Pork",
        "title": "Pork Loin Centre Cut Chop Boneless",
        "imageUrl": "https://voila.ca/images-v3/2d92d19c-0354-49c0-8a91-5260ed0bf531/0ff05a38-2cef-44dc-89fd-bab7a9ab59b3/300x300.jpg",
        "price": "$6.61",
        "unitSize": "0.5 kg",
        "unitPrice": "$1.32 / 100g",
        "link": "https://voila.ca/products/20346KG"
      },
      {
        "store": "Sobeys_Pork",
        "title": "Pork Back Ribs",
        "imageUrl": "https://voila.ca/images-v3/2d92d19c-0354-49c0-8a91-5260ed0bf531/271a3a3c-844e-42e4-8a9e-0b6f75bce617/300x300.jpg",
        "price": "$12.33",
        "unitSize": "0.7 kg",
        "unitPrice": "$1.76 / 100g",
        "link": "https://voila.ca/products/20357KG"
      },
      {
        "store": "Sobeys_Pork",
        "title": "Pork Sirloin Chops",
        "imageUrl": "https://voila.ca/images-v3/2d92d19c-0354-49c0-8a91-5260ed0bf531/28d158ae-904d-4ba3-a7ac-f6fc22d984fb/300x300.jpg",
        "price": "$7.43",
        "unitSize": "0.675 kg",
        "unitPrice": "$1.10 / 100g",
        "link": "https://voila.ca/products/20351KG"
      },
      {
        "store": "Sobeys_Pork",
        "title": "Pork Loin Center Roast Bone-In",
        "imageUrl": "https://voila.ca/images-v3/2d92d19c-0354-49c0-8a91-5260ed0bf531/e9c8fddd-d4ef-46ec-bdef-cc608a4fc984/300x300.jpg",
        "price": "$17.88",
        "unitSize": "1.625 kg",
        "unitPrice": "$1.10 / 100g",
        "link": "https://voila.ca/products/20352KG"
      },
      {
        "store": "Sobeys_Pork",
        "title": "Longo's Pork Loin Center And Rib Chops Boneless Value Pack",
        "imageUrl": "https://voila.ca/images-v3/2d92d19c-0354-49c0-8a91-5260ed0bf531/81f71ad7-c9b0-46e7-9d1c-3830c2a4cf6e/300x300.jpg",
        "price": "$13.75",
        "unitSize": "1.25 kg",
        "unitPrice": "$1.10 / 100g",
        "link": "https://voila.ca/products/32789KG"
      },
      {
        "store": "Sobeys_Pork",
        "title": "Pork Side Ribs Half Rack",
        "imageUrl": "https://voila.ca/images-v3/2d92d19c-0354-49c0-8a91-5260ed0bf531/65655259-5cde-4461-8683-5985930d9a4d/300x300.jpg",
        "price": "$14.53",
        "unitSize": "1.1 kg",
        "unitPrice": "$1.32 / 100g",
        "link": "https://voila.ca/products/587903KG"
      },
      {
        "store": "Sobeys_Pork",
        "title": "Pork Loin Roast Center Cut Boneless",
        "imageUrl": "https://voila.ca/images-v3/2d92d19c-0354-49c0-8a91-5260ed0bf531/71d24ed7-9280-42ed-bbd6-422959dfcfbf/300x300.jpg",
        "price": "$18.49",
        "unitSize": "1.4 kg",
        "unitPrice": "$1.32 / 100g",
        "link": "https://voila.ca/products/20595KG"
      },
      {
        "store": "Sobeys_Pork",
        "title": "BBQ Pork Back Ribs",
        "imageUrl": "https://voila.ca/images-v3/2d92d19c-0354-49c0-8a91-5260ed0bf531/34b05fc8-22b3-42dd-a4ff-4431573a2376/300x300.jpg",
        "price": "$17.99",
        "unitSize": "600 g",
        "unitPrice": "$3.00 / 100g",
        "link": "https://voila.ca/products/680590EA"
      },
      {
        "store": "Sobeys_Pork",
        "title": "Pork Back Ribs",
        "imageUrl": "https://voila.ca/images-v3/2d92d19c-0354-49c0-8a91-5260ed0bf531/38e5afbf-4525-4d75-a709-0e8d4097ff1d/300x300.jpg",
        "price": "$17.07",
        "unitSize": "0.775 kg",
        "unitPrice": "$2.20 / 100g",
        "link": "https://voila.ca/products/20414KG"
      },
      {
        "store": "Sobeys_Pork",
        "title": "Pork Side Ribs Center Cut Sweet & Sour",
        "imageUrl": "https://voila.ca/images-v3/2d92d19c-0354-49c0-8a91-5260ed0bf531/99ee4ea1-b33e-4df6-8c77-3b619d2e41f4/300x300.jpg",
        "price": "$16.73",
        "unitSize": "0.95 kg",
        "unitPrice": "$1.76 / 100g",
        "link": "https://voila.ca/products/20356KG"
      },
      {
        "store": "Sobeys_Pork",
        "title": "Pork Side Ribs Whole",
        "imageUrl": "https://voila.ca/images-v3/2d92d19c-0354-49c0-8a91-5260ed0bf531/9d4d572b-e73e-40f9-9cca-db1c340253d3/300x300.jpg",
        "price": "$16.51",
        "unitSize": "1.25 kg",
        "unitPrice": "$1.32 / 100g",
        "link": "https://voila.ca/products/20355KG"
      },
      {
        "store": "Sobeys_Pork",
        "title": "Frenched Pork Rib Loin Roast",
        "imageUrl": "https://voila.ca/images-v3/2d92d19c-0354-49c0-8a91-5260ed0bf531/d1b66d44-e26a-42e6-a176-662e80be2f06/300x300.jpg",
        "price": "$27.74",
        "unitSize": "1.575 kg",
        "unitPrice": "$1.76 / 100g",
        "link": "https://voila.ca/products/20430KG"
      },
      {
        "store": "Sobeys_Pork",
        "title": "Pork Side Ribs Centre Cut",
        "imageUrl": "https://voila.ca/images-v3/2d92d19c-0354-49c0-8a91-5260ed0bf531/d86b8060-fcb8-47bd-a469-a040d9746070/300x300.jpg",
        "price": "$14.97",
        "unitSize": "0.85 kg",
        "unitPrice": "$1.76 / 100g",
        "link": "https://voila.ca/products/20581KG"
      },
      {
        "store": "Sobeys_Pork",
        "title": "Pork Osso Bucco",
        "imageUrl": "https://voila.ca/images-v3/2d92d19c-0354-49c0-8a91-5260ed0bf531/e297495a-600e-4cb3-935b-e936859046f0/300x300.jpg",
        "price": "$14.99",
        "unitSize": "700 g",
        "unitPrice": "$2.14 / 100g",
        "link": "https://voila.ca/products/363442EA"
      },
      {
        "store": "Sobeys_Pork",
        "title": "Pork Sirloin Kabobs Bourbon BBQ",
        "imageUrl": "https://voila.ca/images-v3/2d92d19c-0354-49c0-8a91-5260ed0bf531/a2ea812b-0ed6-4351-a0f6-812da690a2b9/300x300.jpg",
        "price": "$5.99",
        "unitSize": "250 g",
        "unitPrice": "$2.40 / 100g",
        "link": "https://voila.ca/products/970178EA"
      },
      {
        "store": "Sobeys_Pork",
        "title": "Longo's Breaded Pork Cutlets Uncooked",
        "imageUrl": "https://voila.ca/images-v3/2d92d19c-0354-49c0-8a91-5260ed0bf531/2acae2c5-2d49-48de-85eb-fde85e741a15/300x300.jpg",
        "price": "$25.00",
        "unitSize": "840 g",
        "unitPrice": "$2.98 / 100g",
        "link": "https://voila.ca/products/32583EA"
      },
      {
        "store": "Sobeys_Pork",
        "title": "Pork Sirloin Kabobs Souvlaki",
        "imageUrl": "https://voila.ca/images-v3/2d92d19c-0354-49c0-8a91-5260ed0bf531/1a1468cb-7516-4e34-9b60-bae8ae5f54c1/300x300.jpg",
        "price": "$5.99",
        "unitSize": "250 g",
        "unitPrice": "$2.40 / 100g",
        "link": "https://voila.ca/products/970177EA"
      },
      {
        "store": "Sobeys_Pork",
        "title": "Cured Pork Loin",
        "imageUrl": "https://voila.ca/images-v3/2d92d19c-0354-49c0-8a91-5260ed0bf531/6774361f-084f-445c-96c5-054a2055376f/300x300.jpg",
        "price": "$8.49",
        "unitSize": "650 g",
        "unitPrice": "$1.31 / 100g",
        "link": "https://voila.ca/products/14126EA"
      },
      {
        "store": "Sobeys_Pork",
        "title": "Pork Back Ribs Texas Style BBQ",
        "imageUrl": "https://voila.ca/images-v3/2d92d19c-0354-49c0-8a91-5260ed0bf531/3050413b-2312-4430-9be1-dca1bd95fe84/300x300.jpg",
        "price": "$18.99",
        "unitSize": "650 g",
        "unitPrice": "$2.92 / 100g",
        "link": "https://voila.ca/products/455191EA"
      },
      {
        "store": "Sobeys_Pork",
        "title": "Organic Pork Loin Boneless Center Chop",
        "imageUrl": "https://voila.ca/images-v3/2d92d19c-0354-49c0-8a91-5260ed0bf531/3ae9f9f4-f5ed-4980-817c-2e0d9b655d61/300x300.jpg",
        "price": "$11.57",
        "unitSize": "0.375 kg",
        "unitPrice": "$3.09 / 100g",
        "link": "https://voila.ca/products/20413KG"
      },
      {
        "store": "Sobeys_Pork",
        "title": "Longo's Porchetta Roast",
        "imageUrl": "https://voila.ca/images-v3/2d92d19c-0354-49c0-8a91-5260ed0bf531/8df5b7b4-cdb0-4fee-8751-1c569d8b1394/300x300.jpg",
        "price": "$19.34 ($22.49)",
        "unitSize": "1.25 kg",
        "unitPrice": "$1.55 / 100g",
        "link": "https://voila.ca/products/32847KG"
      },
      {
        "store": "Sobeys_Pork",
        "title": "Natural Frozen Ground Pork Sausage Meat",
        "imageUrl": "https://voila.ca/images-v3/2d92d19c-0354-49c0-8a91-5260ed0bf531/d0b7fff4-c781-4066-b40b-da068125234e/300x300.jpg",
        "price": "$8.99 ($9.99)",
        "unitSize": "500 g",
        "unitPrice": "$1.80 / 100g",
        "link": "https://voila.ca/products/2795EA"
      },
      {
        "store": "Sobeys_Pork",
        "title": "Frozen Pork Bacon Bomb",
        "imageUrl": "https://voila.ca/images-v3/2d92d19c-0354-49c0-8a91-5260ed0bf531/a87208d6-c48f-4d35-ac8a-90a9abdb4aab/300x300.jpg",
        "price": "$16.99 ($18.99)",
        "unitSize": "850 g",
        "unitPrice": "$2.00 / 100g",
        "link": "https://voila.ca/products/970048EA"
      },
      {
        "store": "Sobeys_Pork",
        "title": "Bacon Natural Original",
        "imageUrl": "https://voila.ca/images-v3/2d92d19c-0354-49c0-8a91-5260ed0bf531/e77087e3-be03-4e09-89cc-a5ba5e0b5189/300x300.jpg",
        "price": "$7.99",
        "unitSize": "375 g",
        "unitPrice": "$2.13 / 100g",
        "link": "https://voila.ca/products/276370EA"
      },
      {
        "store": "Sobeys_Pork",
        "title": "Bacon Hickory Smoked Classic Cut",
        "imageUrl": "https://voila.ca/images-v3/2d92d19c-0354-49c0-8a91-5260ed0bf531/0ba60214-3277-4f40-8053-e67d191faa4c/300x300.jpg",
        "price": "$7.99",
        "unitSize": "375 g",
        "unitPrice": "$2.13 / 100g",
        "link": "https://voila.ca/products/874604EA"
      },
      {
        "store": "Sobeys_Pork",
        "title": "Less Salt Bacon Natural",
        "imageUrl": "https://voila.ca/images-v3/2d92d19c-0354-49c0-8a91-5260ed0bf531/8df0d274-c105-4a2b-a66e-23a008b38776/300x300.jpg",
        "price": "$7.99",
        "unitSize": "375 g",
        "unitPrice": "$2.13 / 100g",
        "link": "https://voila.ca/products/389018EA"
      },
      {
        "store": "Sobeys_Pork",
        "title": "Bacon Peameal Style",
        "imageUrl": "https://voila.ca/images-v3/2d92d19c-0354-49c0-8a91-5260ed0bf531/89c21d2c-67d8-4ed2-bdae-9bae20664a19/300x300.jpg",
        "price": "$6.99",
        "unitSize": "500 g",
        "unitPrice": "$1.40 / 100g",
        "link": "https://voila.ca/products/832800EA"
      },
      {
        "store": "Sobeys_Pork",
        "title": "Bacon Rounds",
        "imageUrl": "https://voila.ca/images-v3/2d92d19c-0354-49c0-8a91-5260ed0bf531/284117eb-39ba-458a-abd2-a7faf0d88cca/300x300.jpg",
        "price": "$5.99",
        "unitSize": "375 g",
        "unitPrice": "$1.60 / 100g",
        "link": "https://voila.ca/products/612243EA"
      },
      {
        "store": "Sobeys_Pork",
        "title": "Greenfield Natural Meat Bacon",
        "imageUrl": "https://voila.ca/images-v3/2d92d19c-0354-49c0-8a91-5260ed0bf531/26f02b3d-984c-4709-aa22-1853a0348dfb/300x300.jpg",
        "price": "$9.99",
        "unitSize": "375 g",
        "unitPrice": "$2.66 / 100g",
        "link": "https://voila.ca/products/619731EA"
      },
      {
        "store": "Sobeys_Pork",
        "title": "Naturally Smoked Bacon Applewood",
        "imageUrl": "https://voila.ca/images-v3/2d92d19c-0354-49c0-8a91-5260ed0bf531/9ce30698-230a-49db-9883-7ae9a81427fe/300x300.jpg",
        "price": "$8.99",
        "unitSize": "375 g",
        "unitPrice": "$2.40 / 100g",
        "link": "https://voila.ca/products/635010EA"
      },
      {
        "store": "Sobeys_Pork",
        "title": "Naturally Smoked Bacon",
        "imageUrl": "https://voila.ca/images-v3/2d92d19c-0354-49c0-8a91-5260ed0bf531/69da0fd2-6141-48f4-88cf-161f0198e836/300x300.jpg",
        "price": "$6.49",
        "unitSize": "375 g",
        "unitPrice": "$1.73 / 100g",
        "link": "https://voila.ca/products/999495EA"
      }
    ]
  ]